0,Transact_No,Symbol,Buyer,Seller,Quantity,Rate,Amount
1,2024082505045885,HRL,41,77,140,922.00,"129,080.00"
2,2024082505045884,HRL,14,77,30,922.10,"27,663.00"
3,2024082505045883,HRL,94,77,490,922.10,"451,829.00"
4,2024082505045882,HRL,41,77,300,922.20,"276,660.00"
5,2024082505045881,HRL,37,77,40,922.50,"36,900.00"
6,2024082505045871,HRL,47,29,20,923.00,"18,460.00"
7,2024082505042075,HRL,1,29,10,916.00,"9,160.00"
8,2024082505042067,HRL,1,7,10,916.00,"9,160.00"
9,2024082505042098,HRL,29,38,100,915.40,"91,540.00"
10,2024082505042097,HRL,47,38,100,916.00,"91,600.00"
11,2024082505042096,HRL,60,38,50,916.00,"45,800.00"
12,2024082505042095,HRL,1,38,154,916.00,"141,064.00"
13,2024082505042086,HRL,1,57,41,916.00,"37,556.00"
14,2024082505042076,HRL,1,49,10,916.00,"9,160.00"
15,2024082505042145,HRL,77,62,250,916.00,"229,000.00"
16,2024082505042144,HRL,19,62,100,916.00,"91,600.00"
17,2024082505042122,HRL,46,62,50,916.00,"45,800.00"
18,2024082505042101,HRL,83,38,283,915.00,"258,945.00"
19,2024082505042100,HRL,37,38,100,915.10,"91,510.00"
20,2024082505042099,HRL,53,38,20,915.10,"18,302.00"
21,2024082505042161,HRL,41,13,50,916.50,"45,825.00"
22,2024082505042160,HRL,41,38,50,916.50,"45,825.00"
23,2024082505042155,HRL,77,61,10,916.00,"9,160.00"
24,2024082505042149,HRL,77,49,"1,000",916.00,"916,000.00"
25,2024082505042148,HRL,77,41,70,916.00,"64,120.00"
26,2024082505042147,HRL,77,81,10,916.00,"9,160.00"
27,2024082505042190,HRL,77,19,10,916.00,"9,160.00"
28,2024082505042186,HRL,77,19,90,916.00,"82,440.00"
29,2024082505042185,HRL,67,19,10,916.10,"9,161.00"
30,2024082505042177,HRL,77,7,31,916.00,"28,396.00"
31,2024082505042165,HRL,77,26,31,916.00,"28,396.00"
32,2024082505042162,HRL,41,64,100,916.50,"91,650.00"
33,2024082505042227,HRL,14,1,31,916.50,"28,411.50"
34,2024082505042209,HRL,14,29,31,916.50,"28,411.50"
35,2024082505042207,HRL,14,58,50,916.50,"45,825.00"
36,2024082505042205,HRL,14,45,36,916.50,"32,994.00"
37,2024082505042200,HRL,14,64,100,916.50,"91,650.00"
38,2024082505042196,HRL,77,13,10,916.00,"9,160.00"
39,2024082505042257,HRL,36,44,80,917.00,"73,360.00"
40,2024082505042256,HRL,36,38,20,917.00,"18,340.00"
41,2024082505042255,HRL,36,44,100,917.00,"91,700.00"
42,2024082505042254,HRL,14,35,10,916.50,"9,165.00"
43,2024082505042239,HRL,14,99,10,916.50,"9,165.00"
44,2024082505042231,HRL,14,14,20,916.50,"18,330.00"
45,2024082505042313,HRL,58,49,20,916.10,"18,322.00"
46,2024082505042279,HRL,58,58,20,916.50,"18,330.00"
47,2024082505042271,HRL,58,52,10,916.10,"9,161.00"
48,2024082505042262,HRL,14,35,20,916.50,"18,330.00"
49,2024082505042260,HRL,14,56,31,916.50,"28,411.50"
50,2024082505042259,HRL,14,42,60,916.50,"54,990.00"
51,2024082505042398,HRL,52,50,10,916.10,"9,161.00"
52,2024082505042395,HRL,77,22,20,916.00,"18,320.00"
53,2024082505042344,HRL,58,50,20,916.10,"18,322.00"
54,2024082505042330,HRL,65,58,20,916.50,"18,330.00"
55,2024082505042329,HRL,58,58,10,916.50,"9,165.00"
56,2024082505042327,HRL,58,36,100,916.10,"91,610.00"
57,2024082505042507,HRL,77,41,10,916.00,"9,160.00"
58,2024082505042453,HRL,4,50,10,916.10,"9,161.00"
59,2024082505042452,HRL,77,36,10,916.00,"9,160.00"
60,2024082505042445,HRL,77,57,41,916.00,"37,556.00"
61,2024082505042444,HRL,77,14,20,916.00,"18,320.00"
62,2024082505042400,HRL,48,50,20,916.10,"18,322.00"
63,2024082505042566,HRL,41,35,50,916.50,"45,825.00"
64,2024082505042565,HRL,41,56,10,916.50,"9,165.00"
65,2024082505042564,HRL,41,34,20,916.10,"18,322.00"
66,2024082505042563,HRL,41,50,40,916.10,"36,644.00"
67,2024082505042559,HRL,77,3,20,916.00,"18,320.00"
68,2024082505042534,HRL,57,50,100,916.10,"91,610.00"
69,2024082505042594,HRL,52,33,20,916.10,"18,322.00"
70,2024082505042593,HRL,57,33,140,916.10,"128,254.00"
71,2024082505042592,HRL,41,33,50,916.60,"45,830.00"
72,2024082505042588,HRL,41,49,10,916.60,"9,166.00"
73,2024082505042587,HRL,41,57,300,916.60,"274,980.00"
74,2024082505042568,HRL,41,16,20,916.60,"18,332.00"
75,2024082505042600,HRL,67,33,493,916.00,"451,588.00"
76,2024082505042599,HRL,18,33,100,916.00,"91,600.00"
77,2024082505042598,HRL,50,33,30,916.00,"27,480.00"
78,2024082505042597,HRL,39,33,"1,000",916.00,"916,000.00"
79,2024082505042596,HRL,25,33,300,916.00,"274,800.00"
80,2024082505042595,HRL,77,33,367,916.00,"336,172.00"
81,2024082505042611,HRL,45,71,100,916.00,"91,600.00"
82,2024082505042610,HRL,1,71,100,916.00,"91,600.00"
83,2024082505042609,HRL,26,71,100,916.00,"91,600.00"
84,2024082505042608,HRL,55,71,100,916.00,"91,600.00"
85,2024082505042607,HRL,67,71,507,916.00,"464,412.00"
86,2024082505042606,HRL,81,71,170,916.10,"155,737.00"
87,2024082505042695,HRL,36,71,100,916.00,"91,600.00"
88,2024082505042681,HRL,58,71,30,916.00,"27,480.00"
89,2024082505042678,HRL,45,41,10,915.50,"9,155.00"
90,2024082505042647,HRL,32,71,100,916.00,"91,600.00"
91,2024082505042613,HRL,58,71,10,916.00,"9,160.00"
92,2024082505042612,HRL,1,71,10,916.00,"9,160.00"
93,2024082505042768,HRL,58,34,10,916.00,"9,160.00"
94,2024082505042767,HRL,58,21,500,916.00,"458,000.00"
95,2024082505042766,HRL,58,49,10,916.00,"9,160.00"
96,2024082505042765,HRL,58,71,581,916.00,"532,196.00"
97,2024082505042749,HRL,21,71,50,916.00,"45,800.00"
98,2024082505042737,HRL,64,71,50,916.00,"45,800.00"
99,2024082505042774,HRL,42,57,20,916.50,"18,330.00"
100,2024082505042773,HRL,42,34,10,916.50,"9,165.00"
101,2024082505042772,HRL,42,39,10,916.50,"9,165.00"
102,2024082505042771,HRL,58,55,10,916.00,"9,160.00"
103,2024082505042770,HRL,58,21,100,916.00,"91,600.00"
104,2024082505042769,HRL,58,40,211,916.00,"193,276.00"
105,2024082505042792,HRL,77,7,58,917.00,"53,186.00"
106,2024082505042791,HRL,77,55,30,917.00,"27,510.00"
107,2024082505042788,HRL,58,40,10,916.00,"9,160.00"
108,2024082505042778,HRL,58,36,405,916.00,"370,980.00"
109,2024082505042777,HRL,42,36,20,916.50,"18,330.00"
110,2024082505042776,HRL,42,46,20,916.50,"18,330.00"
111,2024082505042798,HRL,77,16,120,917.00,"110,040.00"
112,2024082505042797,HRL,77,42,31,917.00,"28,427.00"
113,2024082505042796,HRL,77,51,20,917.00,"18,340.00"
114,2024082505042795,HRL,77,13,10,917.00,"9,170.00"
115,2024082505042794,HRL,77,13,10,917.00,"9,170.00"
116,2024082505042793,HRL,77,57,10,917.00,"9,170.00"
117,2024082505042804,HRL,77,45,10,918.00,"9,180.00"
118,2024082505042803,HRL,77,42,10,918.00,"9,180.00"
119,2024082505042802,HRL,77,45,200,918.00,"183,600.00"
120,2024082505042801,HRL,77,34,579,918.00,"531,522.00"
121,2024082505042800,HRL,77,34,20,917.00,"18,340.00"
122,2024082505042799,HRL,77,34,20,917.00,"18,340.00"
123,2024082505042826,HRL,58,38,20,916.00,"18,320.00"
124,2024082505042822,HRL,58,35,20,916.00,"18,320.00"
125,2024082505042818,HRL,58,46,100,916.00,"91,600.00"
126,2024082505042807,HRL,77,6,62,918.90,"56,971.80"
127,2024082505042806,HRL,77,4,10,918.00,"9,180.00"
128,2024082505042805,HRL,77,42,300,918.00,"275,400.00"
129,2024082505042903,HRL,39,6,138,918.90,"126,808.20"
130,2024082505042885,HRL,58,29,70,916.00,"64,120.00"
131,2024082505042884,HRL,56,29,50,917.00,"45,850.00"
132,2024082505042875,HRL,58,22,"1,000",916.00,"916,000.00"
133,2024082505042873,HRL,58,18,161,916.00,"147,476.00"
134,2024082505042827,HRL,58,19,50,916.00,"45,800.00"
135,2024082505042927,HRL,1,57,20,916.20,"18,324.00"
136,2024082505042917,HRL,1,35,50,916.20,"45,810.00"
137,2024082505042912,HRL,58,45,20,916.00,"18,320.00"
138,2024082505042906,HRL,39,34,12,919.00,"11,028.00"
139,2024082505042905,HRL,39,36,40,919.00,"36,760.00"
140,2024082505042904,HRL,39,7,10,918.90,"9,189.00"
141,2024082505042961,HRL,28,38,50,916.00,"45,800.00"
142,2024082505042960,HRL,28,52,31,916.00,"28,396.00"
143,2024082505042959,HRL,28,82,381,916.00,"348,996.00"
144,2024082505042958,HRL,58,82,"1,722",916.00,"1,577,352.00"
145,2024082505042957,HRL,1,82,20,916.20,"18,324.00"
146,2024082505042934,HRL,1,6,10,916.20,"9,162.00"
147,2024082505043070,HRL,57,21,200,916.50,"183,300.00"
148,2024082505043058,HRL,87,42,50,918.00,"45,900.00"
149,2024082505043050,HRL,57,42,281,916.50,"257,536.50"
150,2024082505043028,HRL,57,21,10,916.50,"9,165.00"
151,2024082505043008,HRL,57,19,10,916.50,"9,165.00"
152,2024082505042994,HRL,77,54,10,917.00,"9,170.00"
153,2024082505043129,HRL,8,53,50,918.00,"45,900.00"
154,2024082505043115,HRL,8,3,10,918.00,"9,180.00"
155,2024082505043114,HRL,8,49,20,918.00,"18,360.00"
156,2024082505043107,HRL,8,42,210,918.00,"192,780.00"
157,2024082505043088,HRL,57,57,150,916.50,"137,475.00"
158,2024082505043078,HRL,57,47,10,916.50,"9,165.00"
159,2024082505043179,HRL,39,8,20,919.00,"18,380.00"
160,2024082505043178,HRL,39,58,100,919.00,"91,900.00"
161,2024082505043177,HRL,39,57,10,919.00,"9,190.00"
162,2024082505043176,HRL,39,8,20,919.00,"18,380.00"
163,2024082505043175,HRL,39,42,10,919.00,"9,190.00"
164,2024082505043159,HRL,77,34,10,919.00,"9,190.00"
165,2024082505043213,HRL,13,4,20,920.00,"18,400.00"
166,2024082505043212,HRL,13,28,10,920.00,"9,200.00"
167,2024082505043211,HRL,13,58,31,920.00,"28,520.00"
168,2024082505043210,HRL,13,42,10,920.00,"9,200.00"
169,2024082505043188,HRL,4,49,136,919.00,"124,984.00"
170,2024082505043180,HRL,39,49,40,919.00,"36,760.00"
171,2024082505043254,HRL,44,38,20,920.00,"18,400.00"
172,2024082505043225,HRL,58,34,218,916.60,"199,818.80"
173,2024082505043224,HRL,36,34,108,917.00,"99,036.00"
174,2024082505043223,HRL,8,34,10,918.00,"9,180.00"
175,2024082505043222,HRL,4,34,164,919.00,"150,716.00"
176,2024082505043214,HRL,13,7,29,920.00,"26,680.00"
177,2024082505043418,HRL,45,58,10,918.00,"9,180.00"
178,2024082505043417,HRL,57,58,90,918.00,"82,620.00"
179,2024082505043387,HRL,57,58,10,918.00,"9,180.00"
180,2024082505043360,HRL,17,28,200,919.00,"183,800.00"
181,2024082505043300,HRL,51,28,50,919.00,"45,950.00"
182,2024082505043299,HRL,39,28,100,919.00,"91,900.00"
183,2024082505043482,HRL,35,14,131,917.00,"120,127.00"
184,2024082505043481,HRL,42,14,69,918.00,"63,342.00"
185,2024082505043471,HRL,33,21,340,919.00,"312,460.00"
186,2024082505043470,HRL,33,75,10,919.00,"9,190.00"
187,2024082505043469,HRL,33,28,150,919.00,"137,850.00"
188,2024082505043452,HRL,42,13,31,918.00,"28,458.00"
189,2024082505043508,HRL,62,41,100,917.00,"91,700.00"
190,2024082505043507,HRL,42,41,100,917.00,"91,700.00"
191,2024082505043503,HRL,1,44,50,917.00,"45,850.00"
192,2024082505043502,HRL,5,44,50,917.00,"45,850.00"
193,2024082505043501,HRL,13,44,100,917.00,"91,700.00"
194,2024082505043500,HRL,56,44,200,917.00,"183,400.00"
195,2024082505043514,HRL,39,59,20,919.00,"18,380.00"
196,2024082505043513,HRL,39,13,20,919.00,"18,380.00"
197,2024082505043512,HRL,39,21,660,919.00,"606,540.00"
198,2024082505043511,HRL,39,46,10,918.00,"9,180.00"
199,2024082505043510,HRL,39,41,50,917.00,"45,850.00"
200,2024082505043509,HRL,4,41,250,917.00,"229,250.00"
201,2024082505043520,HRL,39,48,300,919.90,"275,970.00"
202,2024082505043519,HRL,39,32,20,919.00,"18,380.00"
203,2024082505043518,HRL,39,58,20,919.00,"18,380.00"
204,2024082505043517,HRL,39,17,20,919.00,"18,380.00"
205,2024082505043516,HRL,39,3,10,919.00,"9,190.00"
206,2024082505043515,HRL,39,57,20,919.00,"18,380.00"
207,2024082505043526,HRL,39,58,"1,000",920.00,"920,000.00"
208,2024082505043525,HRL,39,52,10,920.00,"9,200.00"
209,2024082505043524,HRL,39,7,740,920.00,"680,800.00"
210,2024082505043523,HRL,39,18,100,920.00,"92,000.00"
211,2024082505043522,HRL,39,58,10,920.00,"9,200.00"
212,2024082505043521,HRL,39,38,480,920.00,"441,600.00"
213,2024082505043532,HRL,39,58,100,920.00,"92,000.00"
214,2024082505043531,HRL,39,58,30,920.00,"27,600.00"
215,2024082505043530,HRL,39,42,10,920.00,"9,200.00"
216,2024082505043529,HRL,39,44,50,920.00,"46,000.00"
217,2024082505043528,HRL,39,58,10,920.00,"9,200.00"
218,2024082505043527,HRL,39,49,20,920.00,"18,400.00"
219,2024082505043538,HRL,39,48,31,920.00,"28,520.00"
220,2024082505043537,HRL,39,45,10,920.00,"9,200.00"
221,2024082505043536,HRL,39,34,10,920.00,"9,200.00"
222,2024082505043535,HRL,39,58,10,920.00,"9,200.00"
223,2024082505043534,HRL,39,46,150,920.00,"138,000.00"
224,2024082505043533,HRL,39,58,10,920.00,"9,200.00"
225,2024082505043544,HRL,39,42,31,920.00,"28,520.00"
226,2024082505043543,HRL,39,49,20,920.00,"18,400.00"
227,2024082505043542,HRL,39,35,10,920.00,"9,200.00"
228,2024082505043541,HRL,39,58,10,920.00,"9,200.00"
229,2024082505043540,HRL,39,58,66,920.00,"60,720.00"
230,2024082505043539,HRL,39,26,10,920.00,"9,200.00"
231,2024082505043553,HRL,39,47,100,920.00,"92,000.00"
232,2024082505043549,HRL,39,55,200,920.00,"184,000.00"
233,2024082505043548,HRL,39,49,31,920.00,"28,520.00"
234,2024082505043547,HRL,39,58,100,920.00,"92,000.00"
235,2024082505043546,HRL,39,35,31,920.00,"28,520.00"
236,2024082505043545,HRL,39,14,10,920.00,"9,200.00"
237,2024082505043638,HRL,36,19,20,920.00,"18,400.00"
238,2024082505043637,HRL,36,46,31,920.00,"28,520.00"
239,2024082505043636,HRL,36,49,145,920.00,"133,400.00"
240,2024082505043621,HRL,53,49,100,920.00,"92,000.00"
241,2024082505043597,HRL,39,49,255,920.00,"234,600.00"
242,2024082505043594,HRL,39,38,195,920.00,"179,400.00"
243,2024082505043664,HRL,36,44,454,920.00,"417,680.00"
244,2024082505043663,HRL,19,44,10,921.00,"9,210.00"
245,2024082505043651,HRL,19,47,200,921.00,"184,200.00"
246,2024082505043645,HRL,36,14,20,920.00,"18,400.00"
247,2024082505043644,HRL,36,7,320,920.00,"294,400.00"
248,2024082505043639,HRL,36,48,10,920.00,"9,200.00"
249,2024082505043727,HRL,17,58,10,921.00,"9,210.00"
250,2024082505043726,HRL,17,28,500,921.00,"460,500.00"
251,2024082505043725,HRL,17,58,10,921.00,"9,210.00"
252,2024082505043679,HRL,41,49,10,920.00,"9,200.00"
253,2024082505043678,HRL,41,44,11,920.00,"10,120.00"
254,2024082505043665,HRL,34,44,25,920.00,"23,000.00"
255,2024082505043733,HRL,17,47,200,922.00,"184,400.00"
256,2024082505043732,HRL,17,19,20,922.00,"18,440.00"
257,2024082505043731,HRL,17,8,10,922.00,"9,220.00"
258,2024082505043730,HRL,17,58,10,922.00,"9,220.00"
259,2024082505043729,HRL,17,38,10,922.00,"9,220.00"
260,2024082505043728,HRL,17,58,20,922.00,"18,440.00"
261,2024082505043739,HRL,17,6,449,923.00,"414,427.00"
262,2024082505043738,HRL,17,58,20,923.00,"18,460.00"
263,2024082505043737,HRL,17,26,10,923.00,"9,230.00"
264,2024082505043736,HRL,17,7,500,923.00,"461,500.00"
265,2024082505043735,HRL,17,74,"1,200",922.00,"1,106,400.00"
266,2024082505043734,HRL,17,80,31,922.00,"28,582.00"
267,2024082505043773,HRL,95,34,10,920.00,"9,200.00"
268,2024082505043772,HRL,41,34,70,920.00,"64,400.00"
269,2024082505043771,HRL,48,34,40,920.10,"36,804.00"
270,2024082505043770,HRL,57,34,149,920.10,"137,094.90"
271,2024082505043762,HRL,57,43,31,920.10,"28,523.10"
272,2024082505043751,HRL,57,14,20,920.10,"18,402.00"
273,2024082505043838,HRL,33,41,31,921.00,"28,551.00"
274,2024082505043837,HRL,33,28,20,921.00,"18,420.00"
275,2024082505043826,HRL,25,34,140,921.00,"128,940.00"
276,2024082505043821,HRL,25,54,10,921.00,"9,210.00"
277,2024082505043808,HRL,29,6,200,923.00,"184,600.00"
278,2024082505043774,HRL,86,34,105,920.00,"96,600.00"
279,2024082505043890,HRL,58,6,50,920.10,"46,005.00"
280,2024082505043889,HRL,33,6,25,921.00,"23,025.00"
281,2024082505043888,HRL,58,41,10,922.00,"9,220.00"
282,2024082505043886,HRL,65,6,20,923.00,"18,460.00"
283,2024082505043885,HRL,58,28,10,922.00,"9,220.00"
284,2024082505043858,HRL,33,5,24,921.00,"22,104.00"
285,2024082505043927,HRL,99,45,240,920.00,"220,800.00"
286,2024082505043926,HRL,86,45,70,920.00,"64,400.00"
287,2024082505043925,HRL,36,45,190,921.00,"174,990.00"
288,2024082505043910,HRL,36,3,10,921.00,"9,210.00"
289,2024082505043894,HRL,38,6,100,923.00,"92,300.00"
290,2024082505043891,HRL,86,6,125,920.00,"115,000.00"
291,2024082505044018,HRL,41,53,10,921.00,"9,210.00"
292,2024082505044016,HRL,41,38,9,920.00,"8,280.00"
293,2024082505044015,HRL,50,38,12,921.00,"11,052.00"
294,2024082505044014,HRL,10,38,10,921.00,"9,210.00"
295,2024082505043966,HRL,57,28,100,922.90,"92,290.00"
296,2024082505043941,HRL,58,28,54,922.90,"49,836.60"
297,2024082505044026,HRL,59,20,200,920.00,"184,000.00"
298,2024082505044025,HRL,43,20,100,920.00,"92,000.00"
299,2024082505044024,HRL,54,20,100,920.00,"92,000.00"
300,2024082505044023,HRL,99,20,260,920.00,"239,200.00"
301,2024082505044022,HRL,36,20,50,921.00,"46,050.00"
302,2024082505044021,HRL,41,20,56,921.00,"51,576.00"
303,2024082505044071,HRL,56,35,50,920.00,"46,000.00"
304,2024082505044031,HRL,56,20,94,920.00,"86,480.00"
305,2024082505044030,HRL,14,20,30,920.00,"27,600.00"
306,2024082505044029,HRL,57,20,50,920.00,"46,000.00"
307,2024082505044028,HRL,1,20,50,920.00,"46,000.00"
308,2024082505044027,HRL,41,20,50,920.00,"46,000.00"
309,2024082505044154,HRL,57,58,15,921.00,"13,815.00"
310,2024082505044153,HRL,47,35,124,920.00,"114,080.00"
311,2024082505044149,HRL,47,43,17,920.00,"15,640.00"
312,2024082505044148,HRL,56,43,815,920.00,"749,800.00"
313,2024082505044122,HRL,56,35,41,920.00,"37,720.00"
314,2024082505044080,HRL,44,17,20,922.00,"18,440.00"
315,2024082505044166,HRL,77,44,"1,200",922.90,"1,107,480.00"
316,2024082505044165,HRL,77,28,346,922.90,"319,323.40"
317,2024082505044164,HRL,77,48,20,922.00,"18,440.00"
318,2024082505044163,HRL,77,34,100,922.00,"92,200.00"
319,2024082505044162,HRL,77,28,20,922.00,"18,440.00"
320,2024082505044161,HRL,77,58,25,921.00,"23,025.00"
321,2024082505044175,HRL,44,34,20,923.00,"18,460.00"
322,2024082505044174,HRL,44,58,10,923.00,"9,230.00"
323,2024082505044173,HRL,44,58,20,923.00,"18,460.00"
324,2024082505044172,HRL,44,57,211,922.90,"194,731.90"
325,2024082505044168,HRL,77,57,289,922.90,"266,718.10"
326,2024082505044167,HRL,77,28,500,922.90,"461,450.00"
327,2024082505044203,HRL,29,11,10,921.00,"9,210.00"
328,2024082505044189,HRL,44,34,98,923.10,"90,463.80"
329,2024082505044181,HRL,44,21,10,923.10,"9,231.00"
330,2024082505044178,HRL,44,57,500,923.10,"461,550.00"
331,2024082505044177,HRL,44,49,31,923.00,"28,613.00"
332,2024082505044176,HRL,44,49,100,923.00,"92,300.00"
333,2024082505044324,HRL,50,49,100,923.90,"92,390.00"
334,2024082505044323,HRL,50,62,49,923.90,"45,271.10"
335,2024082505044322,HRL,50,35,10,923.10,"9,231.00"
336,2024082505044265,HRL,34,6,300,922.00,"276,600.00"
337,2024082505044263,HRL,34,14,20,922.00,"18,440.00"
338,2024082505044222,HRL,34,58,20,922.00,"18,440.00"
339,2024082505044330,HRL,50,17,154,924.00,"142,296.00"
340,2024082505044329,HRL,50,41,10,924.00,"9,240.00"
341,2024082505044328,HRL,50,54,328,924.00,"303,072.00"
342,2024082505044327,HRL,50,38,31,924.00,"28,644.00"
343,2024082505044326,HRL,50,50,10,924.00,"9,240.00"
344,2024082505044325,HRL,50,20,484,924.00,"447,216.00"
345,2024082505044371,HRL,34,16,130,922.00,"119,860.00"
346,2024082505044356,HRL,34,55,10,922.00,"9,220.00"
347,2024082505044336,HRL,34,41,20,922.00,"18,440.00"
348,2024082505044333,HRL,50,53,174,924.10,"160,793.40"
349,2024082505044332,HRL,50,20,50,924.00,"46,200.00"
350,2024082505044331,HRL,50,34,100,924.00,"92,400.00"
351,2024082505044421,HRL,42,45,110,923.00,"101,530.00"
352,2024082505044416,HRL,42,58,20,923.00,"18,460.00"
353,2024082505044403,HRL,42,14,20,923.00,"18,460.00"
354,2024082505044384,HRL,36,49,10,922.00,"9,220.00"
355,2024082505044373,HRL,50,16,39,921.10,"35,922.90"
356,2024082505044372,HRL,49,16,100,922.00,"92,200.00"
357,2024082505044490,HRL,5,45,10,922.00,"9,220.00"
358,2024082505044488,HRL,48,45,10,922.00,"9,220.00"
359,2024082505044468,HRL,63,45,100,922.00,"92,200.00"
360,2024082505044435,HRL,54,45,40,922.00,"36,880.00"
361,2024082505044424,HRL,7,45,45,922.00,"41,490.00"
362,2024082505044422,HRL,64,45,50,923.00,"46,150.00"
363,2024082505044554,HRL,33,6,69,921.00,"63,549.00"
364,2024082505044553,HRL,29,6,15,921.00,"13,815.00"
365,2024082505044552,HRL,50,6,61,921.10,"56,187.10"
366,2024082505044551,HRL,14,6,55,922.00,"50,710.00"
367,2024082505044494,HRL,14,45,10,922.00,"9,220.00"
368,2024082505044493,HRL,14,45,135,922.00,"124,470.00"
369,2024082505044595,HRL,48,57,30,923.60,"27,708.00"
370,2024082505044585,HRL,19,49,10,923.00,"9,230.00"
371,2024082505044584,HRL,19,34,70,923.00,"64,610.00"
372,2024082505044583,HRL,19,41,20,922.00,"18,440.00"
373,2024082505044576,HRL,35,41,30,922.00,"27,660.00"
374,2024082505044569,HRL,87,34,30,923.00,"27,690.00"
375,2024082505044612,HRL,49,47,50,923.00,"46,150.00"
376,2024082505044602,HRL,19,26,100,923.00,"92,300.00"
377,2024082505044599,HRL,48,49,69,924.00,"63,756.00"
378,2024082505044598,HRL,48,34,100,924.00,"92,400.00"
379,2024082505044597,HRL,48,38,41,924.00,"37,884.00"
380,2024082505044596,HRL,48,54,10,924.00,"9,240.00"
381,2024082505044654,HRL,38,29,150,923.00,"138,450.00"
382,2024082505044653,HRL,38,49,50,923.00,"46,150.00"
383,2024082505044652,HRL,38,57,10,923.00,"9,230.00"
384,2024082505044651,HRL,38,41,37,923.00,"34,151.00"
385,2024082505044643,HRL,14,41,15,923.00,"13,845.00"
386,2024082505044624,HRL,54,47,100,923.00,"92,300.00"
387,2024082505044692,HRL,42,35,50,923.00,"46,150.00"
388,2024082505044686,HRL,99,35,50,923.00,"46,150.00"
389,2024082505044685,HRL,38,35,83,923.60,"76,658.80"
390,2024082505044684,HRL,38,58,30,923.60,"27,708.00"
391,2024082505044683,HRL,38,58,20,923.60,"18,472.00"
392,2024082505044655,HRL,38,4,20,923.60,"18,472.00"
393,2024082505044716,HRL,17,53,69,924.10,"63,762.90"
394,2024082505044715,HRL,17,49,31,924.00,"28,644.00"
395,2024082505044713,HRL,87,35,87,923.00,"80,301.00"
396,2024082505044703,HRL,58,35,30,923.00,"27,690.00"
397,2024082505044697,HRL,41,14,10,922.00,"9,220.00"
398,2024082505044696,HRL,41,14,10,922.00,"9,220.00"
399,2024082505044831,HRL,32,59,105,924.00,"97,020.00"
400,2024082505044829,HRL,32,20,50,924.00,"46,200.00"
401,2024082505044817,HRL,32,51,45,924.00,"41,580.00"
402,2024082505044795,HRL,87,35,20,923.00,"18,460.00"
403,2024082505044744,HRL,87,49,10,923.00,"9,230.00"
404,2024082505044742,HRL,87,14,20,923.00,"18,460.00"
405,2024082505044906,HRL,7,58,10,923.00,"9,230.00"
406,2024082505044895,HRL,22,59,42,924.00,"38,808.00"
407,2024082505044894,HRL,46,59,50,924.00,"46,200.00"
408,2024082505044876,HRL,96,59,100,924.00,"92,400.00"
409,2024082505044853,HRL,42,59,21,924.00,"19,404.00"
410,2024082505044846,HRL,87,19,250,923.00,"230,750.00"
411,2024082505044933,HRL,57,96,50,923.00,"46,150.00"
412,2024082505044931,HRL,41,63,10,922.00,"9,220.00"
413,2024082505044922,HRL,18,96,10,923.00,"9,230.00"
414,2024082505044920,HRL,41,29,500,924.00,"462,000.00"
415,2024082505044916,HRL,45,29,20,924.00,"18,480.00"
416,2024082505044915,HRL,7,29,30,924.00,"27,720.00"
417,2024082505044983,HRL,22,42,50,923.00,"46,150.00"
418,2024082505044982,HRL,16,42,30,923.00,"27,690.00"
419,2024082505044963,HRL,16,72,50,923.00,"46,150.00"
420,2024082505044941,HRL,16,96,20,923.00,"18,460.00"
421,2024082505044940,HRL,41,55,11,922.00,"10,142.00"
422,2024082505044934,HRL,65,96,20,923.00,"18,460.00"
423,2024082505045047,HRL,49,29,50,924.00,"46,200.00"
424,2024082505045044,HRL,88,26,54,923.00,"49,842.00"
425,2024082505045043,HRL,35,26,26,923.00,"23,998.00"
426,2024082505045042,HRL,22,26,30,923.00,"27,690.00"
427,2024082505045032,HRL,22,29,10,923.00,"9,230.00"
428,2024082505045027,HRL,22,4,10,923.00,"9,230.00"
429,2024082505045080,HRL,87,50,10,923.00,"9,230.00"
430,2024082505045067,HRL,66,50,50,923.00,"46,150.00"
431,2024082505045066,HRL,45,50,20,923.00,"18,460.00"
432,2024082505045065,HRL,88,50,46,923.00,"42,458.00"
433,2024082505045064,HRL,26,50,10,923.10,"9,231.00"
434,2024082505045057,HRL,26,1,20,923.10,"18,462.00"
435,2024082505045162,HRL,41,41,10,922.10,"9,221.00"
436,2024082505045159,HRL,41,35,10,922.10,"9,221.00"
437,2024082505045152,HRL,45,50,100,923.00,"92,300.00"
438,2024082505045128,HRL,92,50,50,923.00,"46,150.00"
439,2024082505045122,HRL,43,50,151,923.00,"139,373.00"
440,2024082505045103,HRL,52,50,50,923.00,"46,150.00"
441,2024082505045215,HRL,48,7,10,923.00,"9,230.00"
442,2024082505045214,HRL,48,43,23,923.00,"21,229.00"
443,2024082505045213,HRL,48,50,293,923.00,"270,439.00"
444,2024082505045195,HRL,19,50,150,923.00,"138,450.00"
445,2024082505045179,HRL,14,50,20,923.00,"18,460.00"
446,2024082505045169,HRL,49,50,50,923.00,"46,150.00"
447,2024082505045263,HRL,67,43,31,923.00,"28,613.00"
448,2024082505045262,HRL,48,43,83,923.00,"76,609.00"
449,2024082505045251,HRL,17,29,100,924.00,"92,400.00"
450,2024082505045249,HRL,48,47,50,923.00,"46,150.00"
451,2024082505045217,HRL,48,47,31,923.00,"28,613.00"
452,2024082505045216,HRL,48,46,10,923.00,"9,230.00"
453,2024082505045351,HRL,50,32,100,923.00,"92,300.00"
454,2024082505045350,HRL,42,32,20,923.00,"18,460.00"
455,2024082505045349,HRL,37,32,249,923.00,"229,827.00"
456,2024082505045346,HRL,37,34,51,923.00,"47,073.00"
457,2024082505045345,HRL,67,34,49,923.00,"45,227.00"
458,2024082505045326,HRL,67,72,20,923.00,"18,460.00"
459,2024082505045372,HRL,16,14,500,923.00,"461,500.00"
460,2024082505045371,HRL,47,14,100,923.00,"92,300.00"
461,2024082505045370,HRL,13,14,20,923.00,"18,460.00"
462,2024082505045369,HRL,19,14,459,923.00,"423,657.00"
463,2024082505045359,HRL,19,17,10,923.00,"9,230.00"
464,2024082505045352,HRL,19,32,31,923.00,"28,613.00"
465,2024082505045385,HRL,35,29,64,924.00,"59,136.00"
466,2024082505045377,HRL,32,29,50,924.00,"46,200.00"
467,2024082505045376,HRL,41,14,281,922.00,"259,082.00"
468,2024082505045375,HRL,45,14,10,922.10,"9,221.00"
469,2024082505045374,HRL,71,14,100,922.10,"92,210.00"
470,2024082505045373,HRL,41,14,30,922.10,"27,663.00"
471,2024082505045421,HRL,42,4,244,923.00,"225,212.00"
472,2024082505045419,HRL,38,4,50,923.00,"46,150.00"
473,2024082505045401,HRL,18,4,10,923.00,"9,230.00"
474,2024082505045397,HRL,41,40,40,922.00,"36,880.00"
475,2024082505045396,HRL,45,40,50,923.00,"46,150.00"
476,2024082505045395,HRL,19,40,10,923.00,"9,230.00"
477,2024082505045457,HRL,48,56,990,923.00,"913,770.00"
478,2024082505045445,HRL,57,29,20,924.00,"18,480.00"
479,2024082505045442,HRL,48,48,10,923.00,"9,230.00"
480,2024082505045424,HRL,42,29,35,924.00,"32,340.00"
481,2024082505045423,HRL,42,57,201,923.00,"185,523.00"
482,2024082505045422,HRL,42,14,20,923.00,"18,460.00"
483,2024082505045751,HRL,25,41,31,922.30,"28,591.30"
484,2024082505045563,HRL,25,49,50,922.30,"46,115.00"
485,2024082505045522,HRL,25,13,10,922.30,"9,223.00"
486,2024082505045504,HRL,25,10,31,922.30,"28,591.30"
487,2024082505045487,HRL,32,29,100,924.00,"92,400.00"
488,2024082505045458,HRL,94,56,10,922.10,"9,221.00"
489,2024082505045825,HRL,37,13,100,922.50,"92,250.00"
490,2024082505045822,HRL,58,57,100,923.00,"92,300.00"
491,2024082505045794,HRL,39,57,40,923.00,"36,920.00"
492,2024082505045789,HRL,45,57,20,923.00,"18,460.00"
493,2024082505045761,HRL,41,14,20,922.20,"18,444.00"
494,2024082505045760,HRL,25,16,78,922.30,"71,939.40"
495,2024082505045841,HRL,17,29,75,923.00,"69,225.00"
496,2024082505045840,HRL,17,41,100,923.00,"92,300.00"
497,2024082505045839,HRL,17,58,10,923.00,"9,230.00"
498,2024082505045838,HRL,17,41,99,923.00,"91,377.00"
499,2024082505045837,HRL,17,57,16,923.00,"14,768.00"
500,2024082505045826,HRL,37,32,10,922.50,"9,225.00"
501,2024082505042061,HRL,1,45,20,916.00,"18,320.00"
502,2024082505042060,HRL,1,57,10,916.00,"9,160.00"
503,2024082505042059,HRL,1,58,10,916.00,"9,160.00"
504,2024082505042058,HRL,1,7,104,916.00,"95,264.00"
505,2024082505042057,HRL,1,54,20,916.00,"18,320.00"
506,2024082505042056,HRL,1,48,31,916.00,"28,396.00"
507,2024082505038802,HRL,42,65,50,920.00,"46,000.00"
508,2024082505038769,HRL,57,45,349,918.00,"320,382.00"
509,2024082505038826,HRL,65,45,50,917.00,"45,850.00"
510,2024082505038825,HRL,51,45,"1,000",917.10,"917,100.00"
511,2024082505038824,HRL,16,45,100,917.10,"91,710.00"
512,2024082505038823,HRL,57,45,41,918.00,"37,638.00"
513,2024082505038822,HRL,57,38,10,918.00,"9,180.00"
514,2024082505038806,HRL,48,65,50,920.00,"46,000.00"
515,2024082505038841,HRL,16,56,10,918.00,"9,180.00"
516,2024082505038831,HRL,28,45,"1,335",916.30,"1,223,260.50"
517,2024082505038830,HRL,36,45,200,916.40,"183,280.00"
518,2024082505038829,HRL,35,45,108,917.00,"99,036.00"
519,2024082505038828,HRL,34,45,100,917.00,"91,700.00"
520,2024082505038827,HRL,48,45,100,917.00,"91,700.00"
521,2024082505038940,HRL,42,44,200,917.10,"183,420.00"
522,2024082505038939,HRL,16,44,200,917.20,"183,440.00"
523,2024082505038938,HRL,14,44,49,918.00,"44,982.00"
524,2024082505038888,HRL,28,62,280,916.30,"256,564.00"
525,2024082505038887,HRL,38,62,40,917.10,"36,684.00"
526,2024082505038850,HRL,47,65,50,920.00,"46,000.00"
527,2024082505038970,HRL,47,75,20,918.00,"18,360.00"
528,2024082505038969,HRL,47,54,10,918.00,"9,180.00"
529,2024082505038958,HRL,47,41,20,917.10,"18,342.00"
530,2024082505038957,HRL,47,64,300,917.00,"275,100.00"
531,2024082505038956,HRL,47,47,10,917.00,"9,170.00"
532,2024082505038941,HRL,28,44,551,916.30,"504,881.30"
533,2024082505039027,HRL,47,6,10,918.00,"9,180.00"
534,2024082505039014,HRL,47,3,20,918.00,"18,360.00"
535,2024082505039013,HRL,16,65,50,920.00,"46,000.00"
536,2024082505039007,HRL,47,35,10,918.00,"9,180.00"
537,2024082505039005,HRL,47,35,480,918.00,"440,640.00"
538,2024082505038992,HRL,45,65,10,920.00,"9,200.00"
539,2024082505039101,HRL,49,65,130,918.00,"119,340.00"
540,2024082505039051,HRL,49,7,10,918.00,"9,180.00"
541,2024082505039050,HRL,47,7,90,918.00,"82,620.00"
542,2024082505039039,HRL,39,21,100,919.00,"91,900.00"
543,2024082505039030,HRL,47,49,20,918.00,"18,360.00"
544,2024082505039029,HRL,47,29,10,918.00,"9,180.00"
545,2024082505039130,HRL,22,62,10,917.00,"9,170.00"
546,2024082505039129,HRL,46,62,50,918.00,"45,900.00"
547,2024082505039105,HRL,29,21,10,919.00,"9,190.00"
548,2024082505039104,HRL,29,49,25,918.00,"22,950.00"
549,2024082505039103,HRL,29,65,265,918.00,"243,270.00"
550,2024082505039102,HRL,42,65,250,918.00,"229,500.00"
551,2024082505039136,HRL,58,62,50,916.30,"45,815.00"
552,2024082505039135,HRL,11,62,200,916.30,"183,260.00"
553,2024082505039134,HRL,58,62,175,916.30,"160,352.50"
554,2024082505039133,HRL,28,62,334,916.30,"306,044.20"
555,2024082505039132,HRL,42,62,50,917.00,"45,850.00"
556,2024082505039131,HRL,29,62,50,917.00,"45,850.00"
557,2024082505039177,HRL,58,29,900,918.00,"826,200.00"
558,2024082505039172,HRL,58,45,10,918.00,"9,180.00"
559,2024082505039164,HRL,16,21,10,919.00,"9,190.00"
560,2024082505039151,HRL,65,59,20,918.00,"18,360.00"
561,2024082505039138,HRL,37,62,71,915.50,"65,000.50"
562,2024082505039137,HRL,17,62,10,916.00,"9,160.00"
563,2024082505039207,HRL,58,77,10,918.00,"9,180.00"
564,2024082505039206,HRL,58,17,400,918.00,"367,200.00"
565,2024082505039199,HRL,58,36,50,918.00,"45,900.00"
566,2024082505039198,HRL,58,11,20,918.00,"18,360.00"
567,2024082505039189,HRL,58,50,10,918.00,"9,180.00"
568,2024082505039182,HRL,58,57,462,918.00,"424,116.00"
569,2024082505039233,HRL,48,41,10,918.00,"9,180.00"
570,2024082505039225,HRL,48,35,20,918.00,"18,360.00"
571,2024082505039219,HRL,48,58,10,918.00,"9,180.00"
572,2024082505039217,HRL,48,61,382,918.00,"350,676.00"
573,2024082505039216,HRL,58,61,118,918.00,"108,324.00"
574,2024082505039215,HRL,58,8,20,918.00,"18,360.00"
575,2024082505039268,HRL,44,45,182,918.00,"167,076.00"
576,2024082505039267,HRL,66,45,50,918.00,"45,900.00"
577,2024082505039266,HRL,86,45,368,918.00,"337,824.00"
578,2024082505039262,HRL,86,47,10,918.00,"9,180.00"
579,2024082505039261,HRL,86,50,122,918.00,"111,996.00"
580,2024082505039260,HRL,48,50,78,918.00,"71,604.00"
581,2024082505039293,HRL,44,6,10,918.00,"9,180.00"
582,2024082505039290,HRL,44,35,20,918.00,"18,360.00"
583,2024082505039273,HRL,44,13,10,918.00,"9,180.00"
584,2024082505039271,HRL,44,58,10,918.00,"9,180.00"
585,2024082505039270,HRL,44,37,20,918.00,"18,360.00"
586,2024082505039269,HRL,44,57,10,918.00,"9,180.00"
587,2024082505039344,HRL,42,8,31,918.00,"28,458.00"
588,2024082505039330,HRL,42,25,10,918.00,"9,180.00"
589,2024082505039329,HRL,42,45,152,918.00,"139,536.00"
590,2024082505039328,HRL,44,45,48,918.00,"44,064.00"
591,2024082505039321,HRL,44,45,20,918.00,"18,360.00"
592,2024082505039317,HRL,44,58,200,918.00,"183,600.00"
593,2024082505039416,HRL,5,22,63,918.00,"57,834.00"
594,2024082505039415,HRL,42,22,342,918.00,"313,956.00"
595,2024082505039414,HRL,16,21,30,919.00,"27,570.00"
596,2024082505039413,HRL,42,70,150,918.00,"137,700.00"
597,2024082505039368,HRL,42,64,300,918.00,"275,400.00"
598,2024082505039367,HRL,42,62,"1,015",918.00,"931,770.00"
599,2024082505039453,HRL,52,38,30,919.00,"27,570.00"
600,2024082505039452,HRL,52,38,10,919.00,"9,190.00"
601,2024082505039451,HRL,52,21,231,919.00,"212,289.00"
602,2024082505039447,HRL,5,49,20,918.00,"18,360.00"
603,2024082505039438,HRL,5,49,10,918.00,"9,180.00"
604,2024082505039433,HRL,5,1,41,918.00,"37,638.00"
605,2024082505039552,HRL,17,46,144,918.00,"132,192.00"
606,2024082505039551,HRL,29,46,240,918.00,"220,320.00"
607,2024082505039550,HRL,5,46,56,918.00,"51,408.00"
608,2024082505039549,HRL,4,46,30,918.10,"27,543.00"
609,2024082505039548,HRL,58,46,30,919.00,"27,570.00"
610,2024082505039469,HRL,5,63,10,918.00,"9,180.00"
611,2024082505039573,HRL,39,32,40,917.00,"36,680.00"
612,2024082505039572,HRL,21,32,20,918.00,"18,360.00"
613,2024082505039566,HRL,39,72,90,917.00,"82,530.00"
614,2024082505039565,HRL,51,72,15,917.20,"13,758.00"
615,2024082505039564,HRL,45,72,39,918.00,"35,802.00"
616,2024082505039563,HRL,17,72,356,918.00,"326,808.00"
617,2024082505039629,HRL,33,38,70,918.00,"64,260.00"
618,2024082505039626,HRL,48,64,50,917.00,"45,850.00"
619,2024082505039620,HRL,39,36,41,917.00,"37,597.00"
620,2024082505039600,HRL,39,48,20,917.00,"18,340.00"
621,2024082505039590,HRL,58,38,10,918.00,"9,180.00"
622,2024082505039589,HRL,58,58,10,918.00,"9,180.00"
623,2024082505039657,HRL,35,8,140,916.00,"128,240.00"
624,2024082505039656,HRL,42,8,400,916.10,"366,440.00"
625,2024082505039655,HRL,42,8,500,916.10,"458,050.00"
626,2024082505039654,HRL,34,8,100,916.10,"91,610.00"
627,2024082505039635,HRL,45,22,10,917.00,"9,170.00"
628,2024082505039630,HRL,33,17,30,918.00,"27,540.00"
629,2024082505039699,HRL,10,17,60,918.00,"55,080.00"
630,2024082505039698,HRL,10,7,10,917.00,"9,170.00"
631,2024082505039697,HRL,10,3,10,917.00,"9,170.00"
632,2024082505039696,HRL,10,22,20,917.00,"18,340.00"
633,2024082505039695,HRL,58,75,20,916.10,"18,322.00"
634,2024082505039658,HRL,14,8,60,916.00,"54,960.00"
635,2024082505039788,HRL,14,17,100,918.00,"91,800.00"
636,2024082505039777,HRL,43,35,10,917.00,"9,170.00"
637,2024082505039769,HRL,43,6,10,917.00,"9,170.00"
638,2024082505039740,HRL,43,45,10,917.00,"9,170.00"
639,2024082505039727,HRL,58,6,20,916.10,"18,322.00"
640,2024082505039719,HRL,58,34,10,916.10,"9,161.00"
641,2024082505039814,HRL,38,13,500,916.00,"458,000.00"
642,2024082505039813,HRL,14,13,40,916.00,"36,640.00"
643,2024082505039812,HRL,51,13,90,916.10,"82,449.00"
644,2024082505039811,HRL,58,13,50,916.10,"45,805.00"
645,2024082505039810,HRL,43,13,10,917.00,"9,170.00"
646,2024082505039789,HRL,43,13,10,917.00,"9,170.00"
647,2024082505039886,HRL,49,60,40,915.60,"36,624.00"
648,2024082505039867,HRL,55,53,100,916.00,"91,600.00"
649,2024082505039866,HRL,34,53,500,916.00,"458,000.00"
650,2024082505039865,HRL,34,53,190,916.00,"174,040.00"
651,2024082505039864,HRL,17,53,100,916.20,"91,620.00"
652,2024082505039815,HRL,34,13,310,916.00,"283,960.00"
653,2024082505039924,HRL,42,75,50,916.00,"45,800.00"
654,2024082505039907,HRL,49,75,390,916.00,"357,240.00"
655,2024082505039906,HRL,49,53,110,916.00,"100,760.00"
656,2024082505039889,HRL,6,60,91,915.50,"83,310.50"
657,2024082505039888,HRL,37,60,29,915.50,"26,549.50"
658,2024082505039887,HRL,57,60,40,915.60,"36,624.00"
659,2024082505039946,HRL,6,49,10,915.50,"9,155.00"
660,2024082505039945,HRL,57,75,500,916.00,"458,000.00"
661,2024082505039942,HRL,6,7,176,915.50,"161,128.00"
662,2024082505039940,HRL,6,21,20,915.50,"18,310.00"
663,2024082505039937,HRL,6,81,10,915.50,"9,155.00"
664,2024082505039928,HRL,50,75,10,916.00,"9,160.00"
665,2024082505039963,HRL,32,49,20,916.00,"18,320.00"
666,2024082505039962,HRL,32,51,50,916.00,"45,800.00"
667,2024082505039961,HRL,32,75,38,916.00,"34,808.00"
668,2024082505039954,HRL,33,75,500,916.00,"458,000.00"
669,2024082505039953,HRL,39,75,12,916.00,"10,992.00"
670,2024082505039949,HRL,6,44,10,915.50,"9,155.00"
671,2024082505040024,HRL,32,53,12,916.00,"10,992.00"
672,2024082505039968,HRL,32,6,10,916.00,"9,160.00"
673,2024082505039967,HRL,32,34,10,916.00,"9,160.00"
674,2024082505039966,HRL,32,50,10,916.00,"9,160.00"
675,2024082505039965,HRL,32,58,20,916.00,"18,320.00"
676,2024082505039964,HRL,32,58,30,916.00,"27,480.00"
677,2024082505040077,HRL,61,38,10,916.10,"9,161.00"
678,2024082505040076,HRL,39,53,10,916.00,"9,160.00"
679,2024082505040075,HRL,39,53,85,916.00,"77,860.00"
680,2024082505040074,HRL,39,53,10,916.00,"9,160.00"
681,2024082505040068,HRL,39,41,10,916.00,"9,160.00"
682,2024082505040025,HRL,34,53,10,916.00,"9,160.00"
683,2024082505040089,HRL,36,34,10,917.00,"9,170.00"
684,2024082505040088,HRL,36,18,200,917.00,"183,400.00"
685,2024082505040085,HRL,28,49,21,915.60,"19,227.60"
686,2024082505040084,HRL,39,49,85,916.00,"77,860.00"
687,2024082505040081,HRL,39,6,20,916.00,"18,320.00"
688,2024082505040078,HRL,61,58,10,917.00,"9,170.00"
689,2024082505040119,HRL,14,58,10,917.00,"9,170.00"
690,2024082505040113,HRL,47,94,10,916.00,"9,160.00"
691,2024082505040109,HRL,36,35,96,916.00,"87,936.00"
692,2024082505040108,HRL,65,35,10,916.10,"9,161.00"
693,2024082505040091,HRL,36,22,31,917.00,"28,427.00"
694,2024082505040090,HRL,36,39,50,917.00,"45,850.00"
695,2024082505040162,HRL,45,40,10,917.00,"9,170.00"
696,2024082505040128,HRL,45,45,10,917.00,"9,170.00"
697,2024082505040127,HRL,45,32,160,917.00,"146,720.00"
698,2024082505040126,HRL,45,33,30,916.00,"27,480.00"
699,2024082505040121,HRL,47,33,20,916.00,"18,320.00"
700,2024082505040120,HRL,14,32,40,917.00,"36,680.00"
701,2024082505040242,HRL,38,45,50,917.20,"45,860.00"
702,2024082505040238,HRL,44,41,10,917.10,"9,171.00"
703,2024082505040236,HRL,45,29,90,917.00,"82,530.00"
704,2024082505040222,HRL,45,56,100,917.00,"91,700.00"
705,2024082505040204,HRL,45,34,25,917.00,"22,925.00"
706,2024082505040192,HRL,45,14,10,917.00,"9,170.00"
707,2024082505040324,HRL,45,77,65,917.00,"59,605.00"
708,2024082505040323,HRL,60,77,500,917.10,"458,550.00"
709,2024082505040322,HRL,44,77,30,917.10,"27,513.00"
710,2024082505040321,HRL,50,77,40,917.70,"36,708.00"
711,2024082505040320,HRL,50,55,10,917.70,"9,177.00"
712,2024082505040247,HRL,50,45,50,917.20,"45,860.00"
713,2024082505040330,HRL,16,77,20,916.00,"18,320.00"
714,2024082505040329,HRL,34,77,200,916.00,"183,200.00"
715,2024082505040328,HRL,17,77,100,916.00,"91,600.00"
716,2024082505040327,HRL,58,77,50,916.00,"45,800.00"
717,2024082505040326,HRL,60,77,500,916.10,"458,050.00"
718,2024082505040325,HRL,58,77,40,917.00,"36,680.00"
719,2024082505040344,HRL,58,17,110,918.00,"100,980.00"
720,2024082505040343,HRL,58,58,10,917.00,"9,170.00"
721,2024082505040342,HRL,58,57,20,917.00,"18,340.00"
722,2024082505040341,HRL,58,58,85,917.00,"77,945.00"
723,2024082505040338,HRL,49,58,15,917.00,"13,755.00"
724,2024082505040331,HRL,44,77,55,916.00,"50,380.00"
725,2024082505040350,HRL,58,45,31,918.00,"28,458.00"
726,2024082505040349,HRL,58,34,30,918.00,"27,540.00"
727,2024082505040348,HRL,58,34,10,918.00,"9,180.00"
728,2024082505040347,HRL,58,43,31,918.00,"28,458.00"
729,2024082505040346,HRL,58,52,50,918.00,"45,900.00"
730,2024082505040345,HRL,58,44,20,918.00,"18,360.00"
731,2024082505040384,HRL,48,56,30,917.20,"27,516.00"
732,2024082505040381,HRL,48,49,20,917.20,"18,344.00"
733,2024082505040354,HRL,58,37,73,918.00,"67,014.00"
734,2024082505040353,HRL,58,36,470,918.00,"431,460.00"
735,2024082505040352,HRL,58,53,50,918.00,"45,900.00"
736,2024082505040351,HRL,58,13,10,918.00,"9,180.00"
737,2024082505040422,HRL,41,17,300,917.00,"275,100.00"
738,2024082505040412,HRL,39,56,9,917.00,"8,253.00"
739,2024082505040411,HRL,35,56,20,917.00,"18,340.00"
740,2024082505040398,HRL,29,65,126,915.60,"115,365.60"
741,2024082505040397,HRL,28,65,179,915.60,"163,892.40"
742,2024082505040396,HRL,44,65,195,916.00,"178,620.00"
743,2024082505040498,HRL,59,46,100,918.00,"91,800.00"
744,2024082505040497,HRL,59,38,20,918.00,"18,360.00"
745,2024082505040496,HRL,59,42,124,918.00,"113,832.00"
746,2024082505040495,HRL,59,37,27,918.00,"24,786.00"
747,2024082505040432,HRL,41,11,60,917.20,"55,032.00"
748,2024082505040423,HRL,41,32,300,917.00,"275,100.00"
749,2024082505040528,HRL,41,59,340,917.20,"311,848.00"
750,2024082505040524,HRL,59,36,72,918.00,"66,096.00"
751,2024082505040523,HRL,59,3,31,918.00,"28,458.00"
752,2024082505040519,HRL,59,39,20,918.00,"18,360.00"
753,2024082505040515,HRL,59,38,20,918.00,"18,360.00"
754,2024082505040507,HRL,59,25,86,918.00,"78,948.00"
755,2024082505040534,HRL,45,59,200,916.00,"183,200.00"
756,2024082505040533,HRL,34,59,200,916.00,"183,200.00"
757,2024082505040532,HRL,48,59,10,916.00,"9,160.00"
758,2024082505040531,HRL,14,59,25,917.00,"22,925.00"
759,2024082505040530,HRL,1,59,70,917.00,"64,190.00"
760,2024082505040529,HRL,42,59,200,917.00,"183,400.00"
761,2024082505040563,HRL,21,19,10,917.00,"9,170.00"
762,2024082505040551,HRL,53,45,10,916.00,"9,160.00"
763,2024082505040538,HRL,6,59,61,915.50,"55,845.50"
764,2024082505040537,HRL,29,59,74,915.60,"67,754.40"
765,2024082505040536,HRL,42,59,100,916.00,"91,600.00"
766,2024082505040535,HRL,5,59,200,916.00,"183,200.00"
767,2024082505040621,HRL,45,6,90,916.00,"82,440.00"
768,2024082505040595,HRL,39,34,10,918.00,"9,180.00"
769,2024082505040573,HRL,45,6,10,916.00,"9,160.00"
770,2024082505040566,HRL,17,34,32,918.00,"29,376.00"
771,2024082505040565,HRL,17,36,18,918.00,"16,524.00"
772,2024082505040564,HRL,21,36,10,918.00,"9,180.00"
773,2024082505040651,HRL,16,42,446,915.90,"408,491.40"
774,2024082505040650,HRL,88,42,500,916.00,"458,000.00"
775,2024082505040649,HRL,7,42,54,916.00,"49,464.00"
776,2024082505040639,HRL,7,36,31,916.00,"28,396.00"
777,2024082505040638,HRL,58,36,10,916.00,"9,160.00"
778,2024082505040622,HRL,16,6,56,915.90,"51,290.40"
779,2024082505040696,HRL,58,44,100,916.00,"91,600.00"
780,2024082505040695,HRL,26,44,50,916.00,"45,800.00"
781,2024082505040694,HRL,29,44,59,916.00,"54,044.00"
782,2024082505040693,HRL,49,44,10,916.10,"9,161.00"
783,2024082505040667,HRL,29,17,31,916.00,"28,396.00"
784,2024082505040655,HRL,29,28,10,916.00,"9,160.00"
785,2024082505040702,HRL,6,44,122,915.50,"111,691.00"
786,2024082505040701,HRL,34,44,200,915.60,"183,120.00"
787,2024082505040700,HRL,10,44,200,915.60,"183,120.00"
788,2024082505040699,HRL,39,44,200,915.60,"183,120.00"
789,2024082505040698,HRL,57,44,100,915.90,"91,590.00"
790,2024082505040697,HRL,16,44,498,915.90,"456,118.20"
791,2024082505040708,HRL,45,44,10,915.50,"9,155.00"
792,2024082505040707,HRL,48,44,10,915.50,"9,155.00"
793,2024082505040706,HRL,34,44,20,915.50,"18,310.00"
794,2024082505040705,HRL,3,44,100,915.50,"91,550.00"
795,2024082505040704,HRL,53,44,50,915.50,"45,775.00"
796,2024082505040703,HRL,37,44,106,915.50,"97,043.00"
797,2024082505040781,HRL,65,29,10,917.00,"9,170.00"
798,2024082505040780,HRL,65,46,10,917.00,"9,170.00"
799,2024082505040773,HRL,63,14,10,916.00,"9,160.00"
800,2024082505040755,HRL,63,19,54,916.00,"49,464.00"
801,2024082505040754,HRL,46,19,100,916.50,"91,650.00"
802,2024082505040732,HRL,63,83,10,916.00,"9,160.00"
803,2024082505040794,HRL,62,59,31,915.40,"28,377.40"
804,2024082505040789,HRL,62,48,204,915.40,"186,741.60"
805,2024082505040788,HRL,45,48,100,915.50,"91,550.00"
806,2024082505040787,HRL,64,48,50,916.00,"45,800.00"
807,2024082505040786,HRL,63,48,126,916.00,"115,416.00"
808,2024082505040785,HRL,49,48,20,916.10,"18,322.00"
809,2024082505040865,HRL,49,58,10,916.00,"9,160.00"
810,2024082505040838,HRL,49,42,52,916.00,"47,632.00"
811,2024082505040808,HRL,62,48,"1,000",915.40,"915,400.00"
812,2024082505040800,HRL,19,44,80,917.00,"73,360.00"
813,2024082505040799,HRL,19,52,20,916.00,"18,320.00"
814,2024082505040798,HRL,19,22,100,916.00,"91,600.00"
815,2024082505040960,HRL,48,42,100,916.00,"91,600.00"
816,2024082505040959,HRL,48,55,50,916.00,"45,800.00"
817,2024082505040920,HRL,44,44,140,917.00,"128,380.00"
818,2024082505040919,HRL,44,38,60,916.00,"54,960.00"
819,2024082505040879,HRL,26,38,50,916.00,"45,800.00"
820,2024082505040875,HRL,49,17,31,916.00,"28,396.00"
821,2024082505041004,HRL,4,36,100,916.00,"91,600.00"
822,2024082505040982,HRL,4,58,50,916.00,"45,800.00"
823,2024082505040981,HRL,48,58,50,916.00,"45,800.00"
824,2024082505040979,HRL,42,20,100,917.00,"91,700.00"
825,2024082505040978,HRL,34,20,20,917.00,"18,340.00"
826,2024082505040977,HRL,34,44,280,917.00,"256,760.00"
827,2024082505041048,HRL,71,80,31,916.10,"28,399.10"
828,2024082505041045,HRL,71,57,55,916.10,"50,385.50"
829,2024082505041023,HRL,34,45,110,917.00,"100,870.00"
830,2024082505041022,HRL,34,42,10,917.00,"9,170.00"
831,2024082505041021,HRL,34,20,80,917.00,"73,360.00"
832,2024082505041005,HRL,37,36,21,916.00,"19,236.00"
833,2024082505041131,HRL,49,21,10,916.10,"9,161.00"
834,2024082505041064,HRL,49,21,41,916.00,"37,556.00"
835,2024082505041052,HRL,50,57,207,915.60,"189,529.20"
836,2024082505041051,HRL,37,57,79,916.00,"72,364.00"
837,2024082505041050,HRL,71,57,14,916.10,"12,825.40"
838,2024082505041049,HRL,38,57,200,917.00,"183,400.00"
839,2024082505041150,HRL,45,36,30,916.00,"27,480.00"
840,2024082505041138,HRL,45,57,70,916.00,"64,120.00"
841,2024082505041137,HRL,58,57,10,916.00,"9,160.00"
842,2024082505041136,HRL,42,57,50,916.00,"45,800.00"
843,2024082505041135,HRL,49,57,370,916.00,"338,920.00"
844,2024082505041133,HRL,49,42,30,916.00,"27,480.00"
845,2024082505041172,HRL,57,49,10,916.10,"9,161.00"
846,2024082505041171,HRL,57,42,31,915.60,"28,383.60"
847,2024082505041158,HRL,50,42,73,915.60,"66,838.80"
848,2024082505041153,HRL,50,36,220,915.60,"201,432.00"
849,2024082505041152,HRL,49,36,500,915.70,"457,850.00"
850,2024082505041151,HRL,49,36,50,916.00,"45,800.00"
851,2024082505041242,HRL,47,59,100,916.00,"91,600.00"
852,2024082505041215,HRL,59,14,20,915.70,"18,314.00"
853,2024082505041212,HRL,60,59,200,916.00,"183,200.00"
854,2024082505041194,HRL,35,1,100,915.50,"91,550.00"
855,2024082505041191,HRL,56,59,500,916.00,"458,000.00"
856,2024082505041173,HRL,57,34,159,917.00,"145,803.00"
857,2024082505041279,HRL,6,58,20,916.10,"18,322.00"
858,2024082505041273,HRL,6,58,10,916.10,"9,161.00"
859,2024082505041262,HRL,17,34,30,917.00,"27,510.00"
860,2024082505041258,HRL,6,55,10,916.10,"9,161.00"
861,2024082505041245,HRL,6,59,50,916.00,"45,800.00"
862,2024082505041244,HRL,66,59,50,916.00,"45,800.00"
863,2024082505041384,HRL,26,17,156,916.00,"142,896.00"
864,2024082505041356,HRL,26,4,20,916.00,"18,320.00"
865,2024082505041345,HRL,26,29,100,916.00,"91,600.00"
866,2024082505041338,HRL,26,22,60,915.70,"54,942.00"
867,2024082505041288,HRL,59,22,30,915.70,"27,471.00"
868,2024082505041287,HRL,6,22,110,916.10,"100,771.00"
869,2024082505041421,HRL,60,88,86,917.00,"78,862.00"
870,2024082505041420,HRL,60,44,20,917.00,"18,340.00"
871,2024082505041419,HRL,60,41,10,917.00,"9,170.00"
872,2024082505041418,HRL,60,34,411,917.00,"376,887.00"
873,2024082505041417,HRL,60,57,273,915.70,"249,986.10"
874,2024082505041388,HRL,26,57,164,916.00,"150,224.00"
875,2024082505041460,HRL,53,52,100,915.60,"91,560.00"
876,2024082505041459,HRL,42,52,50,915.70,"45,785.00"
877,2024082505041458,HRL,51,52,10,916.00,"9,160.00"
878,2024082505041457,HRL,67,52,962,916.00,"881,192.00"
879,2024082505041449,HRL,67,59,28,916.00,"25,648.00"
880,2024082505041448,HRL,67,28,10,916.00,"9,160.00"
881,2024082505041466,HRL,62,52,"2,613",915.40,"2,391,940.20"
882,2024082505041465,HRL,34,52,55,915.50,"50,352.50"
883,2024082505041464,HRL,34,52,100,915.50,"91,550.00"
884,2024082505041463,HRL,16,52,"1,000",915.50,"915,500.00"
885,2024082505041462,HRL,35,52,110,915.50,"100,705.00"
886,2024082505041461,HRL,57,52,200,915.60,"183,120.00"
887,2024082505041521,HRL,42,57,10,916.00,"9,160.00"
888,2024082505041520,HRL,42,57,10,916.00,"9,160.00"
889,2024082505041516,HRL,42,10,50,916.00,"45,800.00"
890,2024082505041514,HRL,42,25,20,916.00,"18,320.00"
891,2024082505041499,HRL,42,53,10,916.00,"9,160.00"
892,2024082505041473,HRL,29,14,20,915.60,"18,312.00"
893,2024082505041542,HRL,56,48,40,915.60,"36,624.00"
894,2024082505041541,HRL,29,48,80,915.60,"73,248.00"
895,2024082505041540,HRL,42,48,80,916.00,"73,280.00"
896,2024082505041529,HRL,42,35,10,916.00,"9,160.00"
897,2024082505041528,HRL,49,35,10,916.10,"9,161.00"
898,2024082505041525,HRL,42,44,10,916.00,"9,160.00"
899,2024082505041559,HRL,29,34,10,916.50,"9,165.00"
900,2024082505041558,HRL,62,43,280,915.40,"256,312.00"
901,2024082505041557,HRL,65,43,20,915.70,"18,314.00"
902,2024082505041554,HRL,37,6,100,916.00,"91,600.00"
903,2024082505041544,HRL,62,48,300,915.40,"274,620.00"
904,2024082505041543,HRL,41,48,500,915.50,"457,750.00"
905,2024082505041565,HRL,29,54,20,917.00,"18,340.00"
906,2024082505041564,HRL,29,47,55,917.00,"50,435.00"
907,2024082505041563,HRL,29,43,10,917.00,"9,170.00"
908,2024082505041562,HRL,29,1,400,917.00,"366,800.00"
909,2024082505041561,HRL,29,44,20,917.00,"18,340.00"
910,2024082505041560,HRL,29,88,14,917.00,"12,838.00"
911,2024082505041571,HRL,29,33,50,918.00,"45,900.00"
912,2024082505041570,HRL,29,34,10,918.00,"9,180.00"
913,2024082505041569,HRL,29,34,58,918.00,"53,244.00"
914,2024082505041568,HRL,29,6,200,917.90,"183,580.00"
915,2024082505041567,HRL,29,35,10,917.90,"9,179.00"
916,2024082505041566,HRL,29,19,281,917.00,"257,677.00"
917,2024082505041626,HRL,45,58,20,916.00,"18,320.00"
918,2024082505041625,HRL,45,7,10,916.00,"9,160.00"
919,2024082505041590,HRL,62,14,20,915.40,"18,308.00"
920,2024082505041574,HRL,29,34,"1,521",918.00,"1,396,278.00"
921,2024082505041573,HRL,29,58,31,918.00,"28,458.00"
922,2024082505041572,HRL,29,59,20,918.00,"18,360.00"
923,2024082505041683,HRL,48,42,20,917.00,"18,340.00"
924,2024082505041673,HRL,62,34,415,915.40,"379,891.00"
925,2024082505041672,HRL,44,34,55,915.70,"50,363.50"
926,2024082505041671,HRL,45,34,30,916.50,"27,495.00"
927,2024082505041659,HRL,45,58,20,916.50,"18,330.00"
928,2024082505041627,HRL,45,51,20,916.50,"18,330.00"
929,2024082505041765,HRL,56,45,20,917.00,"18,340.00"
930,2024082505041764,HRL,56,57,10,916.00,"9,160.00"
931,2024082505041719,HRL,62,14,20,915.40,"18,308.00"
932,2024082505041699,HRL,39,57,10,917.00,"9,170.00"
933,2024082505041688,HRL,48,66,10,917.00,"9,170.00"
934,2024082505041684,HRL,48,52,20,917.00,"18,340.00"
935,2024082505041785,HRL,17,34,20,915.40,"18,308.00"
936,2024082505041784,HRL,62,34,117,915.40,"107,101.80"
937,2024082505041783,HRL,45,34,10,915.70,"9,157.00"
938,2024082505041782,HRL,65,34,10,916.00,"9,160.00"
939,2024082505041771,HRL,45,57,10,915.70,"9,157.00"
940,2024082505041766,HRL,56,38,20,917.00,"18,340.00"
941,2024082505041798,HRL,42,28,220,915.30,"201,366.00"
942,2024082505041797,HRL,18,28,47,915.40,"43,023.80"
943,2024082505041796,HRL,45,28,200,915.50,"183,100.00"
944,2024082505041795,HRL,49,28,10,915.80,"9,158.00"
945,2024082505041788,HRL,18,4,10,915.40,"9,154.00"
946,2024082505041786,HRL,18,34,43,915.40,"39,362.20"
947,2024082505041804,HRL,51,28,200,915.10,"183,020.00"
948,2024082505041803,HRL,16,28,"1,000",915.10,"915,100.00"
949,2024082505041802,HRL,44,28,100,915.10,"91,510.00"
950,2024082505041801,HRL,62,28,500,915.20,"457,600.00"
951,2024082505041800,HRL,81,28,500,915.20,"457,600.00"
952,2024082505041799,HRL,72,28,100,915.20,"91,520.00"
953,2024082505041810,HRL,62,28,300,915.00,"274,500.00"
954,2024082505041809,HRL,4,28,10,915.00,"9,150.00"
955,2024082505041808,HRL,39,28,30,915.00,"27,450.00"
956,2024082505041807,HRL,34,28,100,915.00,"91,500.00"
957,2024082505041806,HRL,45,28,30,915.00,"27,450.00"
958,2024082505041805,HRL,43,28,10,915.10,"9,151.00"
959,2024082505041816,HRL,58,28,50,915.00,"45,750.00"
960,2024082505041815,HRL,45,28,100,915.00,"91,500.00"
961,2024082505041814,HRL,4,28,50,915.00,"45,750.00"
962,2024082505041813,HRL,42,28,100,915.00,"91,500.00"
963,2024082505041812,HRL,34,28,20,915.00,"18,300.00"
964,2024082505041811,HRL,26,28,500,915.00,"457,500.00"
965,2024082505041822,HRL,42,28,10,915.00,"9,150.00"
966,2024082505041821,HRL,22,28,10,915.00,"9,150.00"
967,2024082505041820,HRL,1,28,500,915.00,"457,500.00"
968,2024082505041819,HRL,34,28,10,915.00,"9,150.00"
969,2024082505041818,HRL,17,28,100,915.00,"91,500.00"
970,2024082505041817,HRL,4,28,50,915.00,"45,750.00"
971,2024082505041855,HRL,51,56,30,915.00,"27,450.00"
972,2024082505041854,HRL,14,56,157,915.00,"143,655.00"
973,2024082505041853,HRL,46,56,80,916.00,"73,280.00"
974,2024082505041835,HRL,46,45,20,916.00,"18,320.00"
975,2024082505041824,HRL,14,28,43,915.00,"39,345.00"
976,2024082505041823,HRL,38,28,100,915.00,"91,500.00"
977,2024082505041932,HRL,48,44,10,915.00,"9,150.00"
978,2024082505041927,HRL,42,29,100,915.60,"91,560.00"
979,2024082505041898,HRL,46,45,200,916.00,"183,200.00"
980,2024082505041871,HRL,4,63,10,915.00,"9,150.00"
981,2024082505041857,HRL,39,56,33,915.00,"30,195.00"
982,2024082505041856,HRL,43,56,50,915.00,"45,750.00"
983,2024082505041938,HRL,42,44,10,915.00,"9,150.00"
984,2024082505041937,HRL,42,44,50,915.00,"45,750.00"
985,2024082505041936,HRL,50,44,100,915.00,"91,500.00"
986,2024082505041935,HRL,74,44,100,915.00,"91,500.00"
987,2024082505041934,HRL,98,44,50,915.00,"45,750.00"
988,2024082505041933,HRL,41,44,200,915.00,"183,000.00"
989,2024082505042011,HRL,65,52,10,915.50,"9,155.00"
990,2024082505041995,HRL,65,6,30,915.50,"27,465.00"
991,2024082505041959,HRL,83,14,10,915.00,"9,150.00"
992,2024082505041958,HRL,34,14,10,915.70,"9,157.00"
993,2024082505041940,HRL,83,44,330,915.00,"301,950.00"
994,2024082505041939,HRL,48,44,150,915.00,"137,250.00"
995,2024082505042055,HRL,1,45,30,916.00,"27,480.00"
996,2024082505042054,HRL,1,4,30,915.80,"27,474.00"
997,2024082505042053,HRL,1,45,20,915.60,"18,312.00"
998,2024082505042038,HRL,65,58,50,915.50,"45,775.00"
999,2024082505042024,HRL,87,45,20,916.00,"18,320.00"
1000,2024082505042013,HRL,65,4,10,915.50,"9,155.00"
1001,2024082505038768,HRL,58,45,90,918.00,"82,620.00"
1002,2024082505038767,HRL,59,45,60,918.00,"55,080.00"
1003,2024082505038766,HRL,28,45,500,918.00,"459,000.00"
1004,2024082505038765,HRL,58,45,20,918.00,"18,360.00"
1005,2024082505038764,HRL,29,45,100,918.00,"91,800.00"
1006,2024082505038763,HRL,25,45,100,918.00,"91,800.00"
1007,2024082505036227,HRL,28,65,50,922.00,"46,100.00"
1008,2024082505036226,HRL,17,65,50,922.00,"46,100.00"
1009,2024082505036248,HRL,26,32,10,924.00,"9,240.00"
1010,2024082505036232,HRL,28,65,848,922.00,"781,856.00"
1011,2024082505036231,HRL,45,65,100,922.00,"92,200.00"
1012,2024082505036230,HRL,26,65,200,922.00,"184,400.00"
1013,2024082505036229,HRL,32,65,300,922.00,"276,600.00"
1014,2024082505036228,HRL,42,65,10,922.00,"9,220.00"
1015,2024082505036267,HRL,82,54,100,922.00,"92,200.00"
1016,2024082505036266,HRL,18,54,50,922.00,"46,100.00"
1017,2024082505036265,HRL,28,54,152,922.00,"140,144.00"
1018,2024082505036264,HRL,33,54,50,922.40,"46,120.00"
1019,2024082505036263,HRL,1,54,20,923.00,"18,460.00"
1020,2024082505036249,HRL,26,55,40,924.30,"36,972.00"
1021,2024082505036287,HRL,39,6,50,922.00,"46,100.00"
1022,2024082505036286,HRL,77,6,277,922.00,"255,394.00"
1023,2024082505036271,HRL,77,54,798,922.00,"735,756.00"
1024,2024082505036270,HRL,21,54,100,922.00,"92,200.00"
1025,2024082505036269,HRL,37,54,200,922.00,"184,400.00"
1026,2024082505036268,HRL,34,54,500,922.00,"461,000.00"
1027,2024082505036295,HRL,21,65,100,921.30,"92,130.00"
1028,2024082505036294,HRL,57,65,"2,000",921.30,"1,842,600.00"
1029,2024082505036293,HRL,11,65,50,921.50,"46,075.00"
1030,2024082505036292,HRL,34,65,50,921.80,"46,090.00"
1031,2024082505036290,HRL,49,6,100,922.00,"92,200.00"
1032,2024082505036288,HRL,45,6,200,922.00,"184,400.00"
1033,2024082505036301,HRL,13,65,50,921.20,"46,060.00"
1034,2024082505036300,HRL,17,65,10,921.20,"9,212.00"
1035,2024082505036299,HRL,40,65,10,921.20,"9,212.00"
1036,2024082505036298,HRL,49,65,500,921.30,"460,650.00"
1037,2024082505036297,HRL,58,65,600,921.30,"552,780.00"
1038,2024082505036296,HRL,29,65,100,921.30,"92,130.00"
1039,2024082505036307,HRL,19,65,200,921.00,"184,200.00"
1040,2024082505036306,HRL,40,65,200,921.00,"184,200.00"
1041,2024082505036305,HRL,36,65,100,921.00,"92,100.00"
1042,2024082505036304,HRL,50,65,"1,000",921.00,"921,000.00"
1043,2024082505036303,HRL,43,65,100,921.10,"92,110.00"
1044,2024082505036302,HRL,16,65,500,921.20,"460,600.00"
1045,2024082505036313,HRL,43,65,50,921.00,"46,050.00"
1046,2024082505036312,HRL,16,65,100,921.00,"92,100.00"
1047,2024082505036311,HRL,17,65,10,921.00,"9,210.00"
1048,2024082505036310,HRL,49,65,500,921.00,"460,500.00"
1049,2024082505036309,HRL,29,65,300,921.00,"276,300.00"
1050,2024082505036308,HRL,7,65,10,921.00,"9,210.00"
1051,2024082505036319,HRL,45,65,100,921.00,"92,100.00"
1052,2024082505036318,HRL,53,65,100,921.00,"92,100.00"
1053,2024082505036317,HRL,16,65,100,921.00,"92,100.00"
1054,2024082505036316,HRL,5,65,100,921.00,"92,100.00"
1055,2024082505036315,HRL,34,65,31,921.00,"28,551.00"
1056,2024082505036314,HRL,41,65,200,921.00,"184,200.00"
1057,2024082505036325,HRL,57,65,20,920.10,"18,402.00"
1058,2024082505036324,HRL,86,65,50,920.30,"46,015.00"
1059,2024082505036323,HRL,57,65,300,920.30,"276,090.00"
1060,2024082505036322,HRL,25,65,20,920.30,"18,406.00"
1061,2024082505036321,HRL,8,65,29,920.40,"26,691.60"
1062,2024082505036320,HRL,55,65,"1,000",920.60,"920,600.00"
1063,2024082505036331,HRL,78,65,500,920.00,"460,000.00"
1064,2024082505036330,HRL,54,65,15,920.00,"13,800.00"
1065,2024082505036329,HRL,50,65,500,920.00,"460,000.00"
1066,2024082505036328,HRL,33,65,500,920.00,"460,000.00"
1067,2024082505036327,HRL,42,65,"1,000",920.00,"920,000.00"
1068,2024082505036326,HRL,45,65,100,920.10,"92,010.00"
1069,2024082505036337,HRL,71,65,10,920.00,"9,200.00"
1070,2024082505036336,HRL,45,65,100,920.00,"92,000.00"
1071,2024082505036335,HRL,48,65,300,920.00,"276,000.00"
1072,2024082505036334,HRL,13,65,50,920.00,"46,000.00"
1073,2024082505036333,HRL,42,65,100,920.00,"92,000.00"
1074,2024082505036332,HRL,34,65,50,920.00,"46,000.00"
1075,2024082505036343,HRL,42,65,"1,000",920.00,"920,000.00"
1076,2024082505036342,HRL,57,65,169,920.00,"155,480.00"
1077,2024082505036341,HRL,58,65,100,920.00,"92,000.00"
1078,2024082505036340,HRL,8,65,250,920.00,"230,000.00"
1079,2024082505036339,HRL,57,65,10,920.00,"9,200.00"
1080,2024082505036338,HRL,6,65,50,920.00,"46,000.00"
1081,2024082505036349,HRL,33,65,"1,000",920.00,"920,000.00"
1082,2024082505036348,HRL,58,65,500,920.00,"460,000.00"
1083,2024082505036347,HRL,34,65,160,920.00,"147,200.00"
1084,2024082505036346,HRL,45,65,500,920.00,"460,000.00"
1085,2024082505036345,HRL,14,65,16,920.00,"14,720.00"
1086,2024082505036344,HRL,28,65,10,920.00,"9,200.00"
1087,2024082505036355,HRL,57,65,50,920.00,"46,000.00"
1088,2024082505036354,HRL,33,65,10,920.00,"9,200.00"
1089,2024082505036353,HRL,57,65,300,920.00,"276,000.00"
1090,2024082505036352,HRL,14,65,500,920.00,"460,000.00"
1091,2024082505036351,HRL,5,65,"1,000",920.00,"920,000.00"
1092,2024082505036350,HRL,51,65,200,920.00,"184,000.00"
1093,2024082505036373,HRL,7,6,25,922.00,"23,050.00"
1094,2024082505036360,HRL,33,65,307,920.00,"282,440.00"
1095,2024082505036359,HRL,44,65,50,920.00,"46,000.00"
1096,2024082505036358,HRL,55,65,50,920.00,"46,000.00"
1097,2024082505036357,HRL,22,65,250,920.00,"230,000.00"
1098,2024082505036356,HRL,13,65,10,920.00,"9,200.00"
1099,2024082505036399,HRL,11,6,250,922.00,"230,500.00"
1100,2024082505036391,HRL,47,6,100,922.00,"92,200.00"
1101,2024082505036387,HRL,4,35,10,920.00,"9,200.00"
1102,2024082505036385,HRL,4,39,126,920.00,"115,920.00"
1103,2024082505036384,HRL,33,39,193,920.00,"177,560.00"
1104,2024082505036383,HRL,49,39,100,920.10,"92,010.00"
1105,2024082505036416,HRL,48,16,200,920.00,"184,000.00"
1106,2024082505036415,HRL,34,16,100,920.00,"92,000.00"
1107,2024082505036414,HRL,51,16,100,920.00,"92,000.00"
1108,2024082505036413,HRL,4,16,364,920.00,"334,880.00"
1109,2024082505036412,HRL,25,16,10,920.10,"9,201.00"
1110,2024082505036403,HRL,1,6,70,922.00,"64,540.00"
1111,2024082505036422,HRL,22,16,500,920.00,"460,000.00"
1112,2024082505036421,HRL,55,16,500,920.00,"460,000.00"
1113,2024082505036420,HRL,38,16,20,920.00,"18,400.00"
1114,2024082505036419,HRL,50,16,50,920.00,"46,000.00"
1115,2024082505036418,HRL,21,16,100,920.00,"92,000.00"
1116,2024082505036417,HRL,6,16,20,920.00,"18,400.00"
1117,2024082505036428,HRL,32,16,25,920.00,"23,000.00"
1118,2024082505036427,HRL,22,16,50,920.00,"46,000.00"
1119,2024082505036426,HRL,52,16,500,920.00,"460,000.00"
1120,2024082505036425,HRL,41,16,20,920.00,"18,400.00"
1121,2024082505036424,HRL,4,16,10,920.00,"9,200.00"
1122,2024082505036423,HRL,26,16,50,920.00,"46,000.00"
1123,2024082505036434,HRL,14,16,40,920.00,"36,800.00"
1124,2024082505036433,HRL,65,16,100,920.00,"92,000.00"
1125,2024082505036432,HRL,54,16,20,920.00,"18,400.00"
1126,2024082505036431,HRL,51,16,200,920.00,"184,000.00"
1127,2024082505036430,HRL,57,16,100,920.00,"92,000.00"
1128,2024082505036429,HRL,94,16,300,920.00,"276,000.00"
1129,2024082505036480,HRL,6,34,31,922.00,"28,582.00"
1130,2024082505036478,HRL,6,17,10,922.00,"9,220.00"
1131,2024082505036477,HRL,6,55,200,922.00,"184,400.00"
1132,2024082505036476,HRL,6,6,402,922.00,"370,644.00"
1133,2024082505036436,HRL,28,16,101,920.00,"92,920.00"
1134,2024082505036435,HRL,17,16,20,920.00,"18,400.00"
1135,2024082505036487,HRL,28,4,158,920.00,"145,360.00"
1136,2024082505036486,HRL,1,4,100,920.10,"92,010.00"
1137,2024082505036485,HRL,58,4,41,922.00,"37,802.00"
1138,2024082505036484,HRL,8,4,50,922.00,"46,100.00"
1139,2024082505036483,HRL,6,4,159,922.00,"146,598.00"
1140,2024082505036482,HRL,6,22,20,922.00,"18,440.00"
1141,2024082505036558,HRL,44,39,100,920.10,"92,010.00"
1142,2024082505036557,HRL,42,39,50,922.00,"46,100.00"
1143,2024082505036510,HRL,42,59,10,922.00,"9,220.00"
1144,2024082505036507,HRL,42,38,20,922.00,"18,440.00"
1145,2024082505036500,HRL,33,58,10,924.00,"9,240.00"
1146,2024082505036496,HRL,33,52,10,924.00,"9,240.00"
1147,2024082505036577,HRL,18,22,10,920.00,"9,200.00"
1148,2024082505036563,HRL,18,39,74,920.00,"68,080.00"
1149,2024082505036562,HRL,45,39,15,920.00,"13,800.00"
1150,2024082505036561,HRL,28,39,741,920.00,"681,720.00"
1151,2024082505036560,HRL,6,39,20,920.10,"18,402.00"
1152,2024082505036559,HRL,50,39,100,920.10,"92,010.00"
1153,2024082505036677,HRL,42,35,100,920.40,"92,040.00"
1154,2024082505036676,HRL,46,35,50,921.00,"46,050.00"
1155,2024082505036668,HRL,46,19,20,921.00,"18,420.00"
1156,2024082505036649,HRL,46,57,20,921.00,"18,420.00"
1157,2024082505036647,HRL,46,49,10,921.00,"9,210.00"
1158,2024082505036624,HRL,53,58,20,922.00,"18,440.00"
1159,2024082505036703,HRL,65,58,100,920.50,"92,050.00"
1160,2024082505036702,HRL,49,58,50,920.50,"46,025.00"
1161,2024082505036681,HRL,32,35,620,920.10,"570,462.00"
1162,2024082505036680,HRL,53,35,100,920.10,"92,010.00"
1163,2024082505036679,HRL,49,35,100,920.20,"92,020.00"
1164,2024082505036678,HRL,53,35,30,920.30,"27,609.00"
1165,2024082505036729,HRL,37,21,10,921.00,"9,210.00"
1166,2024082505036720,HRL,37,42,10,921.00,"9,210.00"
1167,2024082505036719,HRL,37,62,25,921.00,"23,025.00"
1168,2024082505036718,HRL,37,45,14,921.00,"12,894.00"
1169,2024082505036717,HRL,37,11,20,921.00,"18,420.00"
1170,2024082505036704,HRL,32,58,50,920.10,"46,005.00"
1171,2024082505036778,HRL,46,41,10,922.00,"9,220.00"
1172,2024082505036764,HRL,46,4,10,922.00,"9,220.00"
1173,2024082505036748,HRL,46,49,20,922.00,"18,440.00"
1174,2024082505036739,HRL,48,34,10,920.60,"9,206.00"
1175,2024082505036735,HRL,48,49,31,920.60,"28,538.60"
1176,2024082505036734,HRL,37,49,21,921.00,"19,341.00"
1177,2024082505036799,HRL,14,58,10,922.00,"9,220.00"
1178,2024082505036798,HRL,14,34,15,922.00,"13,830.00"
1179,2024082505036791,HRL,13,6,280,920.40,"257,712.00"
1180,2024082505036790,HRL,65,6,100,920.50,"92,050.00"
1181,2024082505036789,HRL,47,6,200,921.00,"184,200.00"
1182,2024082505036788,HRL,46,34,60,922.00,"55,320.00"
1183,2024082505036898,HRL,44,21,10,922.00,"9,220.00"
1184,2024082505036843,HRL,29,48,156,921.00,"143,676.00"
1185,2024082505036841,HRL,16,49,55,923.90,"50,814.50"
1186,2024082505036840,HRL,16,21,25,923.00,"23,075.00"
1187,2024082505036839,HRL,16,44,20,922.00,"18,440.00"
1188,2024082505036800,HRL,14,49,75,923.90,"69,292.50"
1189,2024082505036954,HRL,26,44,31,924.00,"28,644.00"
1190,2024082505036953,HRL,26,25,300,924.00,"277,200.00"
1191,2024082505036952,HRL,26,49,70,923.90,"64,673.00"
1192,2024082505036951,HRL,26,45,20,923.50,"18,470.00"
1193,2024082505036908,HRL,44,17,20,922.00,"18,440.00"
1194,2024082505036899,HRL,69,17,10,923.00,"9,230.00"
1195,2024082505036998,HRL,66,49,10,924.30,"9,243.00"
1196,2024082505036997,HRL,66,17,10,924.30,"9,243.00"
1197,2024082505036977,HRL,66,55,82,924.30,"75,792.60"
1198,2024082505036965,HRL,26,45,31,924.00,"28,644.00"
1199,2024082505036962,HRL,26,59,20,924.00,"18,480.00"
1200,2024082505036955,HRL,26,49,20,924.00,"18,480.00"
1201,2024082505037085,HRL,38,52,10,924.30,"9,243.00"
1202,2024082505037051,HRL,34,51,31,924.00,"28,644.00"
1203,2024082505037044,HRL,66,28,31,924.30,"28,653.30"
1204,2024082505037026,HRL,66,4,31,924.30,"28,653.30"
1205,2024082505037023,HRL,66,53,10,924.30,"9,243.00"
1206,2024082505037001,HRL,66,34,20,924.30,"18,486.00"
1207,2024082505037122,HRL,7,35,10,924.90,"9,249.00"
1208,2024082505037112,HRL,34,58,87,922.10,"80,222.70"
1209,2024082505037110,HRL,28,58,400,922.10,"368,840.00"
1210,2024082505037109,HRL,34,58,20,923.50,"18,470.00"
1211,2024082505037087,HRL,34,7,165,924.00,"152,460.00"
1212,2024082505037086,HRL,38,7,35,924.40,"32,354.00"
1213,2024082505037174,HRL,36,58,20,924.00,"18,480.00"
1214,2024082505037145,HRL,36,58,31,924.00,"28,644.00"
1215,2024082505037131,HRL,34,55,10,924.00,"9,240.00"
1216,2024082505037125,HRL,7,11,10,925.00,"9,250.00"
1217,2024082505037124,HRL,7,50,10,925.00,"9,250.00"
1218,2024082505037123,HRL,7,58,20,924.90,"18,498.00"
1219,2024082505037181,HRL,51,68,100,925.00,"92,500.00"
1220,2024082505037180,HRL,51,50,10,925.00,"9,250.00"
1221,2024082505037179,HRL,51,57,10,925.00,"9,250.00"
1222,2024082505037178,HRL,51,42,114,925.00,"105,450.00"
1223,2024082505037177,HRL,51,11,83,925.00,"76,775.00"
1224,2024082505037176,HRL,51,58,10,924.50,"9,245.00"
1225,2024082505037187,HRL,51,52,10,925.00,"9,250.00"
1226,2024082505037186,HRL,51,54,20,925.00,"18,500.00"
1227,2024082505037185,HRL,51,7,200,925.00,"185,000.00"
1228,2024082505037184,HRL,51,42,50,925.00,"46,250.00"
1229,2024082505037183,HRL,51,62,50,925.00,"46,250.00"
1230,2024082505037182,HRL,51,45,10,925.00,"9,250.00"
1231,2024082505037205,HRL,10,34,43,924.90,"39,770.70"
1232,2024082505037204,HRL,10,38,20,924.90,"18,498.00"
1233,2024082505037193,HRL,36,14,28,924.00,"25,872.00"
1234,2024082505037190,HRL,36,90,31,924.00,"28,644.00"
1235,2024082505037189,HRL,51,26,33,925.00,"30,525.00"
1236,2024082505037188,HRL,51,33,300,925.00,"277,500.00"
1237,2024082505037337,HRL,45,34,60,924.00,"55,440.00"
1238,2024082505037336,HRL,49,34,190,924.00,"175,560.00"
1239,2024082505037330,HRL,49,41,10,924.00,"9,240.00"
1240,2024082505037329,HRL,39,26,48,925.00,"44,400.00"
1241,2024082505037328,HRL,10,29,10,924.90,"9,249.00"
1242,2024082505037285,HRL,10,38,20,924.90,"18,498.00"
1243,2024082505037347,HRL,57,57,10,925.00,"9,250.00"
1244,2024082505037346,HRL,57,42,10,925.00,"9,250.00"
1245,2024082505037345,HRL,57,14,10,925.00,"9,250.00"
1246,2024082505037340,HRL,44,34,240,922.10,"221,304.00"
1247,2024082505037339,HRL,45,34,500,924.00,"462,000.00"
1248,2024082505037338,HRL,65,34,"1,000",924.00,"924,000.00"
1249,2024082505037389,HRL,37,49,20,924.10,"18,482.00"
1250,2024082505037387,HRL,29,36,15,924.90,"13,873.50"
1251,2024082505037386,HRL,44,26,10,922.10,"9,221.00"
1252,2024082505037364,HRL,53,38,10,925.00,"9,250.00"
1253,2024082505037363,HRL,53,32,10,925.00,"9,250.00"
1254,2024082505037362,HRL,53,57,21,925.00,"19,425.00"
1255,2024082505037473,HRL,58,87,100,924.00,"92,400.00"
1256,2024082505037451,HRL,58,36,20,924.90,"18,498.00"
1257,2024082505037450,HRL,37,64,34,924.10,"31,419.40"
1258,2024082505037434,HRL,37,58,10,924.10,"9,241.00"
1259,2024082505037425,HRL,37,41,20,924.10,"18,482.00"
1260,2024082505037392,HRL,37,38,10,924.10,"9,241.00"
1261,2024082505037521,HRL,39,49,10,924.90,"9,249.00"
1262,2024082505037482,HRL,10,41,57,925.00,"52,725.00"
1263,2024082505037479,HRL,57,38,30,925.00,"27,750.00"
1264,2024082505037478,HRL,57,48,10,924.90,"9,249.00"
1265,2024082505037477,HRL,57,36,65,924.90,"60,118.50"
1266,2024082505037476,HRL,57,87,890,924.00,"822,360.00"
1267,2024082505037542,HRL,33,17,10,925.00,"9,250.00"
1268,2024082505037541,HRL,33,34,10,925.00,"9,250.00"
1269,2024082505037540,HRL,33,34,10,925.00,"9,250.00"
1270,2024082505037539,HRL,33,49,110,925.00,"101,750.00"
1271,2024082505037538,HRL,33,46,10,925.00,"9,250.00"
1272,2024082505037537,HRL,33,41,43,925.00,"39,775.00"
1273,2024082505037597,HRL,33,45,130,925.00,"120,250.00"
1274,2024082505037581,HRL,33,46,10,925.00,"9,250.00"
1275,2024082505037565,HRL,33,38,57,925.00,"52,725.00"
1276,2024082505037548,HRL,33,47,10,925.00,"9,250.00"
1277,2024082505037544,HRL,33,38,20,925.00,"18,500.00"
1278,2024082505037543,HRL,33,51,40,925.00,"37,000.00"
1279,2024082505037749,HRL,41,42,682,926.10,"631,600.20"
1280,2024082505037687,HRL,57,37,100,926.00,"92,600.00"
1281,2024082505037682,HRL,57,46,100,926.00,"92,600.00"
1282,2024082505037681,HRL,57,19,541,926.00,"500,966.00"
1283,2024082505037680,HRL,57,51,41,926.00,"37,966.00"
1284,2024082505037679,HRL,57,35,10,925.90,"9,259.00"
1285,2024082505037794,HRL,50,5,60,926.00,"55,560.00"
1286,2024082505037791,HRL,50,45,10,926.00,"9,260.00"
1287,2024082505037789,HRL,50,41,10,926.00,"9,260.00"
1288,2024082505037773,HRL,50,22,10,926.00,"9,260.00"
1289,2024082505037772,HRL,50,42,110,926.00,"101,860.00"
1290,2024082505037750,HRL,57,42,208,926.00,"192,608.00"
1291,2024082505037880,HRL,72,47,10,926.00,"9,260.00"
1292,2024082505037859,HRL,72,38,114,926.00,"105,564.00"
1293,2024082505037858,HRL,72,58,10,926.00,"9,260.00"
1294,2024082505037797,HRL,36,5,240,925.10,"222,024.00"
1295,2024082505037796,HRL,28,5,100,925.10,"92,510.00"
1296,2024082505037795,HRL,17,5,100,925.20,"92,520.00"
1297,2024082505037895,HRL,72,48,100,926.00,"92,600.00"
1298,2024082505037889,HRL,72,58,10,926.00,"9,260.00"
1299,2024082505037888,HRL,42,13,19,927.00,"17,613.00"
1300,2024082505037884,HRL,72,57,20,926.00,"18,520.00"
1301,2024082505037883,HRL,45,17,10,927.00,"9,270.00"
1302,2024082505037881,HRL,72,49,10,926.00,"9,260.00"
1303,2024082505037976,HRL,56,58,32,926.00,"29,632.00"
1304,2024082505037975,HRL,57,58,21,926.00,"19,446.00"
1305,2024082505037920,HRL,49,59,20,926.00,"18,520.00"
1306,2024082505037918,HRL,72,22,16,926.00,"14,816.00"
1307,2024082505037910,HRL,72,58,10,926.00,"9,260.00"
1308,2024082505037906,HRL,16,13,20,927.00,"18,540.00"
1309,2024082505038042,HRL,58,26,20,925.30,"18,506.00"
1310,2024082505038029,HRL,58,32,61,925.30,"56,443.30"
1311,2024082505038028,HRL,26,32,100,925.40,"92,540.00"
1312,2024082505038027,HRL,45,32,40,925.60,"37,024.00"
1313,2024082505037978,HRL,45,58,16,925.60,"14,809.60"
1314,2024082505037977,HRL,38,58,35,926.00,"32,410.00"
1315,2024082505038072,HRL,16,38,20,926.00,"18,520.00"
1316,2024082505038066,HRL,33,17,140,925.00,"129,500.00"
1317,2024082505038065,HRL,36,17,260,925.10,"240,526.00"
1318,2024082505038062,HRL,36,46,100,925.10,"92,510.00"
1319,2024082505038052,HRL,36,62,200,925.10,"185,020.00"
1320,2024082505038050,HRL,58,45,19,925.30,"17,580.70"
1321,2024082505038156,HRL,28,25,50,925.10,"46,255.00"
1322,2024082505038145,HRL,33,16,10,925.00,"9,250.00"
1323,2024082505038120,HRL,33,57,100,925.00,"92,500.00"
1324,2024082505038114,HRL,40,25,100,925.40,"92,540.00"
1325,2024082505038113,HRL,16,25,149,926.00,"137,974.00"
1326,2024082505038073,HRL,16,52,31,926.00,"28,706.00"
1327,2024082505038198,HRL,33,62,90,925.00,"83,250.00"
1328,2024082505038184,HRL,33,6,50,925.00,"46,250.00"
1329,2024082505038175,HRL,33,29,150,925.00,"138,750.00"
1330,2024082505038174,HRL,34,29,10,925.10,"9,251.00"
1331,2024082505038173,HRL,1,29,40,925.10,"37,004.00"
1332,2024082505038172,HRL,1,4,10,925.10,"9,251.00"
1333,2024082505038204,HRL,26,62,200,925.00,"185,000.00"
1334,2024082505038203,HRL,44,62,505,925.00,"467,125.00"
1335,2024082505038202,HRL,34,62,50,925.00,"46,250.00"
1336,2024082505038201,HRL,58,62,100,925.00,"92,500.00"
1337,2024082505038200,HRL,5,62,200,925.00,"185,000.00"
1338,2024082505038199,HRL,3,62,25,925.00,"23,125.00"
1339,2024082505038220,HRL,45,62,27,925.00,"24,975.00"
1340,2024082505038211,HRL,29,62,144,925.00,"133,200.00"
1341,2024082505038208,HRL,58,62,540,925.00,"499,500.00"
1342,2024082505038207,HRL,47,62,50,925.00,"46,250.00"
1343,2024082505038206,HRL,21,62,20,925.00,"18,500.00"
1344,2024082505038205,HRL,44,62,500,925.00,"462,500.00"
1345,2024082505038305,HRL,34,62,25,925.00,"23,125.00"
1346,2024082505038254,HRL,68,62,20,925.00,"18,500.00"
1347,2024082505038253,HRL,49,62,69,925.00,"63,825.00"
1348,2024082505038251,HRL,57,62,35,925.00,"32,375.00"
1349,2024082505038250,HRL,1,69,15,924.00,"13,860.00"
1350,2024082505038249,HRL,17,62,60,925.00,"55,500.00"
1351,2024082505038386,HRL,52,46,100,924.50,"92,450.00"
1352,2024082505038379,HRL,34,42,10,924.00,"9,240.00"
1353,2024082505038362,HRL,34,49,160,924.00,"147,840.00"
1354,2024082505038361,HRL,58,49,40,924.10,"36,964.00"
1355,2024082505038345,HRL,58,38,10,924.10,"9,241.00"
1356,2024082505038340,HRL,38,4,20,924.10,"18,482.00"
1357,2024082505038430,HRL,42,52,40,924.50,"36,980.00"
1358,2024082505038416,HRL,42,42,10,924.50,"9,245.00"
1359,2024082505038411,HRL,41,14,13,924.00,"12,012.00"
1360,2024082505038396,HRL,48,14,50,924.00,"46,200.00"
1361,2024082505038395,HRL,34,14,30,924.00,"27,720.00"
1362,2024082505038394,HRL,34,14,3,924.00,"2,772.00"
1363,2024082505038498,HRL,1,34,20,924.00,"18,480.00"
1364,2024082505038474,HRL,1,62,450,924.00,"415,800.00"
1365,2024082505038473,HRL,26,62,50,924.20,"46,210.00"
1366,2024082505038467,HRL,41,52,10,924.10,"9,241.00"
1367,2024082505038457,HRL,41,41,31,924.10,"28,647.10"
1368,2024082505038431,HRL,41,52,61,924.10,"56,370.10"
1369,2024082505038524,HRL,42,45,100,923.00,"92,300.00"
1370,2024082505038523,HRL,49,45,75,923.00,"69,225.00"
1371,2024082505038522,HRL,3,45,100,923.00,"92,300.00"
1372,2024082505038521,HRL,13,45,120,923.10,"110,772.00"
1373,2024082505038520,HRL,1,45,100,923.20,"92,320.00"
1374,2024082505038506,HRL,1,20,30,924.00,"27,720.00"
1375,2024082505038530,HRL,46,45,100,922.00,"92,200.00"
1376,2024082505038529,HRL,16,45,500,922.10,"461,050.00"
1377,2024082505038528,HRL,53,45,20,922.10,"18,442.00"
1378,2024082505038527,HRL,44,45,20,922.10,"18,442.00"
1379,2024082505038526,HRL,34,45,204,922.50,"188,190.00"
1380,2024082505038525,HRL,5,45,50,922.50,"46,125.00"
1381,2024082505038541,HRL,42,65,10,922.00,"9,220.00"
1382,2024082505038540,HRL,58,65,20,922.00,"18,440.00"
1383,2024082505038539,HRL,13,65,100,922.00,"92,200.00"
1384,2024082505038538,HRL,44,65,289,922.00,"266,458.00"
1385,2024082505038532,HRL,44,45,211,922.00,"194,542.00"
1386,2024082505038531,HRL,41,45,400,922.00,"368,800.00"
1387,2024082505038550,HRL,36,43,150,922.00,"138,300.00"
1388,2024082505038546,HRL,36,65,831,922.00,"766,182.00"
1389,2024082505038545,HRL,52,65,100,922.00,"92,200.00"
1390,2024082505038544,HRL,54,65,100,922.00,"92,200.00"
1391,2024082505038543,HRL,22,65,500,922.00,"461,000.00"
1392,2024082505038542,HRL,45,65,50,922.00,"46,100.00"
1393,2024082505038571,HRL,48,45,319,922.00,"294,118.00"
1394,2024082505038568,HRL,48,37,81,922.00,"74,682.00"
1395,2024082505038567,HRL,45,37,100,922.00,"92,200.00"
1396,2024082505038566,HRL,36,37,119,922.00,"109,718.00"
1397,2024082505038557,HRL,36,65,"1,900",922.00,"1,751,800.00"
1398,2024082505038556,HRL,42,65,100,923.10,"92,310.00"
1399,2024082505038630,HRL,36,65,100,921.00,"92,100.00"
1400,2024082505038629,HRL,45,65,110,921.00,"101,310.00"
1401,2024082505038628,HRL,34,65,200,921.00,"184,200.00"
1402,2024082505038627,HRL,54,65,150,921.00,"138,150.00"
1403,2024082505038626,HRL,43,65,50,921.00,"46,050.00"
1404,2024082505038625,HRL,34,65,200,921.10,"184,220.00"
1405,2024082505038636,HRL,54,65,85,920.10,"78,208.50"
1406,2024082505038635,HRL,32,65,330,920.10,"303,633.00"
1407,2024082505038634,HRL,34,65,200,920.50,"184,100.00"
1408,2024082505038633,HRL,17,65,27,920.50,"24,853.50"
1409,2024082505038632,HRL,19,65,300,920.70,"276,210.00"
1410,2024082505038631,HRL,14,65,50,921.00,"46,050.00"
1411,2024082505038643,HRL,21,45,147,922.00,"135,534.00"
1412,2024082505038641,HRL,18,65,398,920.00,"366,160.00"
1413,2024082505038640,HRL,63,65,300,920.10,"276,030.00"
1414,2024082505038639,HRL,42,65,100,920.10,"92,010.00"
1415,2024082505038638,HRL,29,65,200,920.10,"184,020.00"
1416,2024082505038637,HRL,6,65,200,920.10,"184,020.00"
1417,2024082505038679,HRL,35,65,100,920.00,"92,000.00"
1418,2024082505038678,HRL,17,65,58,920.00,"53,360.00"
1419,2024082505038676,HRL,17,45,10,920.00,"9,200.00"
1420,2024082505038675,HRL,17,17,32,920.00,"29,440.00"
1421,2024082505038674,HRL,18,17,18,920.00,"16,560.00"
1422,2024082505038654,HRL,21,45,500,922.00,"461,000.00"
1423,2024082505038685,HRL,22,65,30,920.00,"27,600.00"
1424,2024082505038684,HRL,10,65,100,920.00,"92,000.00"
1425,2024082505038683,HRL,43,65,100,920.00,"92,000.00"
1426,2024082505038682,HRL,42,65,100,920.00,"92,000.00"
1427,2024082505038681,HRL,5,65,200,920.00,"184,000.00"
1428,2024082505038680,HRL,1,65,100,920.00,"92,000.00"
1429,2024082505038691,HRL,45,65,25,920.00,"23,000.00"
1430,2024082505038690,HRL,49,65,25,920.00,"23,000.00"
1431,2024082505038689,HRL,48,65,100,920.00,"92,000.00"
1432,2024082505038688,HRL,59,65,50,920.00,"46,000.00"
1433,2024082505038687,HRL,34,65,30,920.00,"27,600.00"
1434,2024082505038686,HRL,45,65,50,920.00,"46,000.00"
1435,2024082505038698,HRL,33,28,20,920.00,"18,400.00"
1436,2024082505038696,HRL,33,65,300,920.00,"276,000.00"
1437,2024082505038695,HRL,49,65,32,920.00,"29,440.00"
1438,2024082505038694,HRL,68,65,100,920.00,"92,000.00"
1439,2024082505038693,HRL,32,65,300,920.00,"276,000.00"
1440,2024082505038692,HRL,35,65,200,920.00,"184,000.00"
1441,2024082505038708,HRL,1,45,100,920.00,"92,000.00"
1442,2024082505038707,HRL,49,45,400,920.00,"368,000.00"
1443,2024082505038706,HRL,19,45,35,920.00,"32,200.00"
1444,2024082505038705,HRL,33,45,504,920.00,"463,680.00"
1445,2024082505038704,HRL,1,45,100,920.10,"92,010.00"
1446,2024082505038700,HRL,33,57,176,920.00,"161,920.00"
1447,2024082505038714,HRL,58,45,100,920.00,"92,000.00"
1448,2024082505038713,HRL,29,45,20,920.00,"18,400.00"
1449,2024082505038712,HRL,45,45,50,920.00,"46,000.00"
1450,2024082505038711,HRL,58,45,192,920.00,"176,640.00"
1451,2024082505038710,HRL,17,45,100,920.00,"92,000.00"
1452,2024082505038709,HRL,32,45,100,920.00,"92,000.00"
1453,2024082505038720,HRL,42,45,200,920.00,"184,000.00"
1454,2024082505038719,HRL,22,45,100,920.00,"92,000.00"
1455,2024082505038718,HRL,43,45,20,920.00,"18,400.00"
1456,2024082505038717,HRL,28,45,500,920.00,"460,000.00"
1457,2024082505038716,HRL,72,45,500,920.00,"460,000.00"
1458,2024082505038715,HRL,68,45,100,920.00,"92,000.00"
1459,2024082505038726,HRL,1,45,92,920.00,"84,640.00"
1460,2024082505038725,HRL,54,45,200,920.00,"184,000.00"
1461,2024082505038724,HRL,63,45,200,920.00,"184,000.00"
1462,2024082505038723,HRL,13,45,100,920.00,"92,000.00"
1463,2024082505038722,HRL,21,45,30,920.00,"27,600.00"
1464,2024082505038721,HRL,19,45,50,920.00,"46,000.00"
1465,2024082505038732,HRL,36,45,50,920.00,"46,000.00"
1466,2024082505038731,HRL,72,45,50,920.00,"46,000.00"
1467,2024082505038730,HRL,22,45,10,920.00,"9,200.00"
1468,2024082505038729,HRL,49,45,30,920.00,"27,600.00"
1469,2024082505038728,HRL,56,45,500,920.00,"460,000.00"
1470,2024082505038727,HRL,33,45,50,920.00,"46,000.00"
1471,2024082505038738,HRL,6,45,20,920.00,"18,400.00"
1472,2024082505038737,HRL,67,45,"1,000",920.00,"920,000.00"
1473,2024082505038736,HRL,19,45,100,920.00,"92,000.00"
1474,2024082505038735,HRL,51,45,30,920.00,"27,600.00"
1475,2024082505038734,HRL,10,45,50,920.00,"46,000.00"
1476,2024082505038733,HRL,45,45,100,920.00,"92,000.00"
1477,2024082505038744,HRL,48,45,100,919.40,"91,940.00"
1478,2024082505038743,HRL,18,45,"5,000",919.40,"4,597,000.00"
1479,2024082505038742,HRL,53,45,20,920.00,"18,400.00"
1480,2024082505038741,HRL,32,45,100,920.00,"92,000.00"
1481,2024082505038740,HRL,58,45,500,920.00,"460,000.00"
1482,2024082505038739,HRL,54,45,20,920.00,"18,400.00"
1483,2024082505038750,HRL,38,45,53,919.30,"48,722.90"
1484,2024082505038749,HRL,88,45,40,919.30,"36,772.00"
1485,2024082505038748,HRL,1,45,50,919.30,"45,965.00"
1486,2024082505038747,HRL,44,45,500,919.30,"459,650.00"
1487,2024082505038746,HRL,57,45,100,919.30,"91,930.00"
1488,2024082505038745,HRL,25,45,100,919.30,"91,930.00"
1489,2024082505038756,HRL,29,45,100,919.00,"91,900.00"
1490,2024082505038755,HRL,49,45,110,919.00,"101,090.00"
1491,2024082505038754,HRL,58,45,10,919.00,"9,190.00"
1492,2024082505038753,HRL,13,45,95,919.00,"87,305.00"
1493,2024082505038752,HRL,71,45,200,919.30,"183,860.00"
1494,2024082505038751,HRL,21,45,10,919.30,"9,193.00"
1495,2024082505038762,HRL,53,45,10,918.00,"9,180.00"
1496,2024082505038761,HRL,34,45,300,918.00,"275,400.00"
1497,2024082505038760,HRL,25,45,400,918.00,"367,200.00"
1498,2024082505038759,HRL,45,45,150,918.40,"137,760.00"
1499,2024082505038758,HRL,34,45,20,918.50,"18,370.00"
1500,2024082505038757,HRL,45,45,10,919.00,"9,190.00"
1501,2024082505036225,HRL,6,65,100,922.00,"92,200.00"
1502,2024082505036224,HRL,47,65,300,922.00,"276,600.00"
1503,2024082505036223,HRL,45,65,20,922.00,"18,440.00"
1504,2024082505036222,HRL,17,65,"1,000",922.00,"922,000.00"
1505,2024082505036221,HRL,3,65,100,922.00,"92,200.00"
1506,2024082505036220,HRL,34,65,10,922.20,"9,222.00"
1507,2024082505034318,HRL,36,65,400,935.00,"374,000.00"
1508,2024082505034317,HRL,39,65,50,935.00,"46,750.00"
1509,2024082505034338,HRL,48,65,17,935.00,"15,895.00"
1510,2024082505034323,HRL,48,65,483,935.00,"451,605.00"
1511,2024082505034322,HRL,81,65,40,935.00,"37,400.00"
1512,2024082505034321,HRL,35,65,25,935.00,"23,375.00"
1513,2024082505034320,HRL,34,65,500,935.00,"467,500.00"
1514,2024082505034319,HRL,33,65,50,935.00,"46,750.00"
1515,2024082505034344,HRL,4,65,49,934.00,"45,766.00"
1516,2024082505034343,HRL,21,65,20,934.00,"18,680.00"
1517,2024082505034342,HRL,58,65,20,934.00,"18,680.00"
1518,2024082505034341,HRL,16,65,500,934.10,"467,050.00"
1519,2024082505034340,HRL,43,65,10,934.20,"9,342.00"
1520,2024082505034339,HRL,71,65,200,934.50,"186,900.00"
1521,2024082505034350,HRL,34,65,10,934.00,"9,340.00"
1522,2024082505034349,HRL,49,65,90,934.00,"84,060.00"
1523,2024082505034348,HRL,57,65,45,934.00,"42,030.00"
1524,2024082505034347,HRL,21,65,200,934.00,"186,800.00"
1525,2024082505034346,HRL,8,65,10,934.00,"9,340.00"
1526,2024082505034345,HRL,34,65,500,934.00,"467,000.00"
1527,2024082505034356,HRL,61,65,120,933.00,"111,960.00"
1528,2024082505034355,HRL,59,65,100,933.00,"93,300.00"
1529,2024082505034354,HRL,1,65,200,933.00,"186,600.00"
1530,2024082505034353,HRL,16,65,"1,000",933.10,"933,100.00"
1531,2024082505034352,HRL,59,65,500,934.00,"467,000.00"
1532,2024082505034351,HRL,47,65,100,934.00,"93,400.00"
1533,2024082505034362,HRL,58,65,"1,000",932.00,"932,000.00"
1534,2024082505034361,HRL,32,65,50,932.00,"46,600.00"
1535,2024082505034360,HRL,57,65,200,932.10,"186,420.00"
1536,2024082505034359,HRL,50,65,40,932.10,"37,284.00"
1537,2024082505034358,HRL,48,65,100,932.90,"93,290.00"
1538,2024082505034357,HRL,28,65,"1,000",933.00,"933,000.00"
1539,2024082505034368,HRL,6,65,100,931.00,"93,100.00"
1540,2024082505034367,HRL,29,65,300,931.00,"279,300.00"
1541,2024082505034366,HRL,57,65,64,932.00,"59,648.00"
1542,2024082505034365,HRL,1,65,12,932.00,"11,184.00"
1543,2024082505034364,HRL,49,65,200,932.00,"186,400.00"
1544,2024082505034363,HRL,53,65,100,932.00,"93,200.00"
1545,2024082505034374,HRL,25,65,50,931.00,"46,550.00"
1546,2024082505034373,HRL,21,65,50,931.00,"46,550.00"
1547,2024082505034372,HRL,16,65,200,931.00,"186,200.00"
1548,2024082505034371,HRL,58,65,"1,000",931.00,"931,000.00"
1549,2024082505034370,HRL,70,65,200,931.00,"186,200.00"
1550,2024082505034369,HRL,57,65,100,931.00,"93,100.00"
1551,2024082505034380,HRL,38,65,200,930.50,"186,100.00"
1552,2024082505034379,HRL,49,65,100,930.70,"93,070.00"
1553,2024082505034378,HRL,94,65,200,931.00,"186,200.00"
1554,2024082505034377,HRL,33,65,30,931.00,"27,930.00"
1555,2024082505034376,HRL,21,65,13,931.00,"12,103.00"
1556,2024082505034375,HRL,57,65,500,931.00,"465,500.00"
1557,2024082505034386,HRL,44,65,500,930.10,"465,050.00"
1558,2024082505034385,HRL,1,65,100,930.10,"93,010.00"
1559,2024082505034384,HRL,29,65,50,930.10,"46,505.00"
1560,2024082505034383,HRL,55,65,500,930.10,"465,050.00"
1561,2024082505034382,HRL,53,65,20,930.10,"18,602.00"
1562,2024082505034381,HRL,57,65,50,930.50,"46,525.00"
1563,2024082505034392,HRL,18,65,100,930.00,"93,000.00"
1564,2024082505034391,HRL,17,65,20,930.00,"18,600.00"
1565,2024082505034390,HRL,17,65,10,930.00,"9,300.00"
1566,2024082505034389,HRL,42,65,50,930.00,"46,500.00"
1567,2024082505034388,HRL,90,65,"1,672",930.00,"1,554,960.00"
1568,2024082505034387,HRL,1,65,50,930.10,"46,505.00"
1569,2024082505034398,HRL,62,65,10,930.00,"9,300.00"
1570,2024082505034397,HRL,43,65,30,930.00,"27,900.00"
1571,2024082505034396,HRL,46,65,50,930.00,"46,500.00"
1572,2024082505034395,HRL,45,65,50,930.00,"46,500.00"
1573,2024082505034394,HRL,47,65,100,930.00,"93,000.00"
1574,2024082505034393,HRL,16,65,80,930.00,"74,400.00"
1575,2024082505034404,HRL,17,65,500,930.00,"465,000.00"
1576,2024082505034403,HRL,38,65,50,930.00,"46,500.00"
1577,2024082505034402,HRL,38,65,50,930.00,"46,500.00"
1578,2024082505034401,HRL,8,65,20,930.00,"18,600.00"
1579,2024082505034400,HRL,21,65,20,930.00,"18,600.00"
1580,2024082505034399,HRL,4,65,10,930.00,"9,300.00"
1581,2024082505034410,HRL,52,65,50,930.00,"46,500.00"
1582,2024082505034409,HRL,54,65,50,930.00,"46,500.00"
1583,2024082505034408,HRL,66,65,100,930.00,"93,000.00"
1584,2024082505034407,HRL,41,65,400,930.00,"372,000.00"
1585,2024082505034406,HRL,14,65,100,930.00,"93,000.00"
1586,2024082505034405,HRL,25,65,100,930.00,"93,000.00"
1587,2024082505034416,HRL,29,65,100,930.00,"93,000.00"
1588,2024082505034415,HRL,29,65,500,930.00,"465,000.00"
1589,2024082505034414,HRL,57,65,100,930.00,"93,000.00"
1590,2024082505034413,HRL,25,65,20,930.00,"18,600.00"
1591,2024082505034412,HRL,6,65,200,930.00,"186,000.00"
1592,2024082505034411,HRL,22,65,10,930.00,"9,300.00"
1593,2024082505034422,HRL,45,65,50,930.00,"46,500.00"
1594,2024082505034421,HRL,34,65,20,930.00,"18,600.00"
1595,2024082505034420,HRL,34,65,"1,000",930.00,"930,000.00"
1596,2024082505034419,HRL,1,65,250,930.00,"232,500.00"
1597,2024082505034418,HRL,58,65,10,930.00,"9,300.00"
1598,2024082505034417,HRL,39,65,150,930.00,"139,500.00"
1599,2024082505034428,HRL,1,65,500,930.00,"465,000.00"
1600,2024082505034427,HRL,14,65,250,930.00,"232,500.00"
1601,2024082505034426,HRL,33,65,200,930.00,"186,000.00"
1602,2024082505034425,HRL,58,65,50,930.00,"46,500.00"
1603,2024082505034424,HRL,49,65,50,930.00,"46,500.00"
1604,2024082505034423,HRL,1,65,25,930.00,"23,250.00"
1605,2024082505034444,HRL,58,65,100,930.00,"93,000.00"
1606,2024082505034443,HRL,42,65,10,930.00,"9,300.00"
1607,2024082505034442,HRL,57,65,"1,877",930.00,"1,745,610.00"
1608,2024082505034441,HRL,17,65,50,935.00,"46,750.00"
1609,2024082505034434,HRL,57,34,"1,000",930.00,"930,000.00"
1610,2024082505034429,HRL,57,65,"2,123",930.00,"1,974,390.00"
1611,2024082505034450,HRL,50,65,200,930.00,"186,000.00"
1612,2024082505034449,HRL,42,65,35,930.00,"32,550.00"
1613,2024082505034448,HRL,45,65,100,930.00,"93,000.00"
1614,2024082505034447,HRL,38,65,75,930.00,"69,750.00"
1615,2024082505034446,HRL,54,65,20,930.00,"18,600.00"
1616,2024082505034445,HRL,45,65,50,930.00,"46,500.00"
1617,2024082505034456,HRL,45,65,100,930.00,"93,000.00"
1618,2024082505034455,HRL,34,65,"1,000",930.00,"930,000.00"
1619,2024082505034454,HRL,57,65,300,930.00,"279,000.00"
1620,2024082505034453,HRL,25,65,100,930.00,"93,000.00"
1621,2024082505034452,HRL,14,65,200,930.00,"186,000.00"
1622,2024082505034451,HRL,19,65,500,930.00,"465,000.00"
1623,2024082505034462,HRL,16,65,300,930.00,"279,000.00"
1624,2024082505034461,HRL,51,65,100,930.00,"93,000.00"
1625,2024082505034460,HRL,44,65,100,930.00,"93,000.00"
1626,2024082505034459,HRL,26,65,200,930.00,"186,000.00"
1627,2024082505034458,HRL,6,65,100,930.00,"93,000.00"
1628,2024082505034457,HRL,7,65,50,930.00,"46,500.00"
1629,2024082505034468,HRL,6,65,50,930.00,"46,500.00"
1630,2024082505034467,HRL,45,65,10,930.00,"9,300.00"
1631,2024082505034466,HRL,81,65,100,930.00,"93,000.00"
1632,2024082505034465,HRL,45,65,50,930.00,"46,500.00"
1633,2024082505034464,HRL,6,65,10,930.00,"9,300.00"
1634,2024082505034463,HRL,54,65,50,930.00,"46,500.00"
1635,2024082505034474,HRL,48,65,200,930.00,"186,000.00"
1636,2024082505034473,HRL,35,65,50,930.00,"46,500.00"
1637,2024082505034472,HRL,50,65,500,930.00,"465,000.00"
1638,2024082505034471,HRL,6,65,100,930.00,"93,000.00"
1639,2024082505034470,HRL,54,65,70,930.00,"65,100.00"
1640,2024082505034469,HRL,25,65,200,930.00,"186,000.00"
1641,2024082505034480,HRL,29,65,500,930.00,"465,000.00"
1642,2024082505034479,HRL,49,65,21,930.00,"19,530.00"
1643,2024082505034478,HRL,43,65,100,930.00,"93,000.00"
1644,2024082505034477,HRL,59,65,100,930.00,"93,000.00"
1645,2024082505034476,HRL,43,65,250,930.00,"232,500.00"
1646,2024082505034475,HRL,25,65,100,930.00,"93,000.00"
1647,2024082505034486,HRL,58,65,45,930.00,"41,850.00"
1648,2024082505034485,HRL,34,65,200,930.00,"186,000.00"
1649,2024082505034484,HRL,45,65,500,930.00,"465,000.00"
1650,2024082505034483,HRL,38,65,50,930.00,"46,500.00"
1651,2024082505034482,HRL,98,65,"1,000",930.00,"930,000.00"
1652,2024082505034481,HRL,35,65,100,930.00,"93,000.00"
1653,2024082505034492,HRL,29,65,300,930.00,"279,000.00"
1654,2024082505034491,HRL,19,65,20,930.00,"18,600.00"
1655,2024082505034490,HRL,4,65,50,930.00,"46,500.00"
1656,2024082505034489,HRL,13,65,25,930.00,"23,250.00"
1657,2024082505034488,HRL,25,65,100,930.00,"93,000.00"
1658,2024082505034487,HRL,45,65,100,930.00,"93,000.00"
1659,2024082505034498,HRL,95,65,160,930.00,"148,800.00"
1660,2024082505034497,HRL,49,65,20,930.00,"18,600.00"
1661,2024082505034496,HRL,4,65,100,930.00,"93,000.00"
1662,2024082505034495,HRL,1,65,150,930.00,"139,500.00"
1663,2024082505034494,HRL,16,65,37,930.00,"34,410.00"
1664,2024082505034493,HRL,40,65,500,930.00,"465,000.00"
1665,2024082505034567,HRL,99,47,10,935.00,"9,350.00"
1666,2024082505034566,HRL,37,58,10,930.00,"9,300.00"
1667,2024082505034560,HRL,37,58,10,930.00,"9,300.00"
1668,2024082505034501,HRL,26,65,50,930.00,"46,500.00"
1669,2024082505034500,HRL,33,65,50,930.00,"46,500.00"
1670,2024082505034499,HRL,55,65,210,930.00,"195,300.00"
1671,2024082505034597,HRL,37,42,20,930.00,"18,600.00"
1672,2024082505034593,HRL,37,42,10,930.00,"9,300.00"
1673,2024082505034589,HRL,69,66,10,935.00,"9,350.00"
1674,2024082505034572,HRL,37,49,10,930.00,"9,300.00"
1675,2024082505034569,HRL,99,66,149,935.00,"139,315.00"
1676,2024082505034568,HRL,99,41,41,935.00,"38,335.00"
1677,2024082505034612,HRL,26,6,20,930.00,"18,600.00"
1678,2024082505034606,HRL,26,33,91,930.00,"84,630.00"
1679,2024082505034605,HRL,37,33,69,930.00,"64,170.00"
1680,2024082505034604,HRL,45,33,10,930.00,"9,300.00"
1681,2024082505034603,HRL,37,33,30,930.00,"27,900.00"
1682,2024082505034601,HRL,37,45,10,930.00,"9,300.00"
1683,2024082505034698,HRL,25,34,10,931.00,"9,310.00"
1684,2024082505034682,HRL,25,35,20,931.00,"18,620.00"
1685,2024082505034669,HRL,65,34,20,930.10,"18,602.00"
1686,2024082505034630,HRL,26,59,10,930.00,"9,300.00"
1687,2024082505034620,HRL,58,66,30,935.00,"28,050.00"
1688,2024082505034619,HRL,58,47,20,933.90,"18,678.00"
1689,2024082505034728,HRL,33,57,10,932.00,"9,320.00"
1690,2024082505034721,HRL,69,28,20,935.00,"18,700.00"
1691,2024082505034719,HRL,81,28,29,935.00,"27,115.00"
1692,2024082505034718,HRL,81,66,61,935.00,"57,035.00"
1693,2024082505034717,HRL,81,17,10,934.00,"9,340.00"
1694,2024082505034700,HRL,33,53,10,932.00,"9,320.00"
1695,2024082505034810,HRL,57,38,11,933.00,"10,263.00"
1696,2024082505034809,HRL,56,38,20,933.00,"18,660.00"
1697,2024082505034802,HRL,39,28,28,935.00,"26,180.00"
1698,2024082505034784,HRL,56,58,10,933.00,"9,330.00"
1699,2024082505034783,HRL,56,49,20,933.00,"18,660.00"
1700,2024082505034778,HRL,56,35,10,933.00,"9,330.00"
1701,2024082505034889,HRL,58,53,390,933.00,"363,870.00"
1702,2024082505034871,HRL,58,45,10,933.00,"9,330.00"
1703,2024082505034836,HRL,45,45,10,933.00,"9,330.00"
1704,2024082505034832,HRL,57,58,10,933.00,"9,330.00"
1705,2024082505034821,HRL,57,4,20,933.00,"18,660.00"
1706,2024082505034818,HRL,57,58,10,933.00,"9,330.00"
1707,2024082505034959,HRL,68,34,20,933.00,"18,660.00"
1708,2024082505034937,HRL,68,21,10,933.00,"9,330.00"
1709,2024082505034936,HRL,68,58,10,933.00,"9,330.00"
1710,2024082505034935,HRL,68,45,10,933.00,"9,330.00"
1711,2024082505034895,HRL,54,53,110,932.20,"102,542.00"
1712,2024082505034893,HRL,8,29,10,932.10,"9,321.00"
1713,2024082505034965,HRL,26,34,50,932.00,"46,600.00"
1714,2024082505034964,HRL,26,34,79,932.00,"73,628.00"
1715,2024082505034963,HRL,33,34,80,932.00,"74,560.00"
1716,2024082505034962,HRL,8,34,490,932.10,"456,729.00"
1717,2024082505034961,HRL,53,34,20,932.20,"18,644.00"
1718,2024082505034960,HRL,54,34,90,932.50,"83,925.00"
1719,2024082505034971,HRL,25,34,221,931.00,"205,751.00"
1720,2024082505034970,HRL,37,34,100,931.20,"93,120.00"
1721,2024082505034969,HRL,45,34,300,931.20,"279,360.00"
1722,2024082505034968,HRL,5,34,200,932.00,"186,400.00"
1723,2024082505034967,HRL,35,34,50,932.00,"46,600.00"
1724,2024082505034966,HRL,57,34,300,932.00,"279,600.00"
1725,2024082505035033,HRL,56,36,10,933.00,"9,330.00"
1726,2024082505035029,HRL,56,61,20,933.00,"18,660.00"
1727,2024082505035021,HRL,56,18,500,933.00,"466,500.00"
1728,2024082505035012,HRL,62,59,31,932.00,"28,892.00"
1729,2024082505034987,HRL,25,38,10,931.00,"9,310.00"
1730,2024082505034979,HRL,25,33,10,931.00,"9,310.00"
1731,2024082505035081,HRL,45,63,20,933.10,"18,662.00"
1732,2024082505035062,HRL,45,74,10,933.10,"9,331.00"
1733,2024082505035054,HRL,45,45,70,933.00,"65,310.00"
1734,2024082505035052,HRL,56,45,20,933.00,"18,660.00"
1735,2024082505035051,HRL,35,45,10,933.10,"9,331.00"
1736,2024082505035050,HRL,56,34,450,933.00,"419,850.00"
1737,2024082505035158,HRL,50,35,10,933.00,"9,330.00"
1738,2024082505035151,HRL,42,42,1,933.00,933.00
1739,2024082505035148,HRL,14,56,40,934.00,"37,360.00"
1740,2024082505035104,HRL,50,26,30,933.00,"27,990.00"
1741,2024082505035086,HRL,50,59,10,933.00,"9,330.00"
1742,2024082505035082,HRL,50,63,450,933.00,"419,850.00"
1743,2024082505035286,HRL,3,28,10,935.00,"9,350.00"
1744,2024082505035263,HRL,35,55,31,933.10,"28,926.10"
1745,2024082505035250,HRL,34,32,10,933.00,"9,330.00"
1746,2024082505035244,HRL,34,58,10,933.00,"9,330.00"
1747,2024082505035241,HRL,8,63,500,934.00,"467,000.00"
1748,2024082505035186,HRL,25,28,90,935.00,"84,150.00"
1749,2024082505035331,HRL,58,34,10,932.00,"9,320.00"
1750,2024082505035330,HRL,62,34,69,932.90,"64,370.10"
1751,2024082505035329,HRL,34,34,480,933.00,"447,840.00"
1752,2024082505035328,HRL,25,34,40,933.20,"37,328.00"
1753,2024082505035327,HRL,41,34,50,934.00,"46,700.00"
1754,2024082505035287,HRL,3,16,40,935.00,"37,400.00"
1755,2024082505035351,HRL,5,29,10,934.00,"9,340.00"
1756,2024082505035336,HRL,56,34,22,931.00,"20,482.00"
1757,2024082505035335,HRL,34,34,50,931.00,"46,550.00"
1758,2024082505035334,HRL,25,34,29,931.00,"26,999.00"
1759,2024082505035333,HRL,16,34,100,931.10,"93,110.00"
1760,2024082505035332,HRL,41,34,150,932.00,"139,800.00"
1761,2024082505035373,HRL,48,65,90,931.00,"83,790.00"
1762,2024082505035372,HRL,56,65,78,931.00,"72,618.00"
1763,2024082505035371,HRL,34,65,100,933.00,"93,300.00"
1764,2024082505035370,HRL,57,65,104,933.50,"97,084.00"
1765,2024082505035353,HRL,5,16,30,935.00,"28,050.00"
1766,2024082505035352,HRL,5,4,10,934.00,"9,340.00"
1767,2024082505035379,HRL,37,65,100,930.20,"93,020.00"
1768,2024082505035378,HRL,33,65,50,931.00,"46,550.00"
1769,2024082505035377,HRL,4,65,30,931.00,"27,930.00"
1770,2024082505035376,HRL,57,65,200,931.00,"186,200.00"
1771,2024082505035375,HRL,3,65,43,931.00,"40,033.00"
1772,2024082505035374,HRL,32,65,200,931.00,"186,200.00"
1773,2024082505035385,HRL,36,65,100,930.00,"93,000.00"
1774,2024082505035384,HRL,40,65,10,930.00,"9,300.00"
1775,2024082505035383,HRL,57,65,100,930.10,"93,010.00"
1776,2024082505035382,HRL,65,65,100,930.10,"93,010.00"
1777,2024082505035381,HRL,65,65,80,930.10,"74,408.00"
1778,2024082505035380,HRL,42,65,10,930.20,"9,302.00"
1779,2024082505035391,HRL,19,65,19,930.00,"17,670.00"
1780,2024082505035390,HRL,38,65,25,930.00,"23,250.00"
1781,2024082505035389,HRL,62,65,10,930.00,"9,300.00"
1782,2024082505035388,HRL,57,65,10,930.00,"9,300.00"
1783,2024082505035387,HRL,58,65,15,930.00,"13,950.00"
1784,2024082505035386,HRL,45,65,300,930.00,"279,000.00"
1785,2024082505035432,HRL,57,34,100,930.00,"93,000.00"
1786,2024082505035431,HRL,42,34,68,930.00,"63,240.00"
1787,2024082505035430,HRL,38,34,46,930.00,"42,780.00"
1788,2024082505035429,HRL,6,34,100,930.10,"93,010.00"
1789,2024082505035393,HRL,38,65,54,930.00,"50,220.00"
1790,2024082505035392,HRL,36,65,250,930.00,"232,500.00"
1791,2024082505035440,HRL,96,65,135,930.00,"125,550.00"
1792,2024082505035439,HRL,91,65,100,930.00,"93,000.00"
1793,2024082505035438,HRL,49,65,80,930.00,"74,400.00"
1794,2024082505035437,HRL,34,65,334,930.00,"310,620.00"
1795,2024082505035434,HRL,34,34,166,930.00,"154,380.00"
1796,2024082505035433,HRL,81,34,20,930.00,"18,600.00"
1797,2024082505035462,HRL,33,65,100,930.00,"93,000.00"
1798,2024082505035461,HRL,14,65,100,930.00,"93,000.00"
1799,2024082505035452,HRL,72,65,22,930.00,"20,460.00"
1800,2024082505035450,HRL,57,65,100,930.00,"93,000.00"
1801,2024082505035442,HRL,17,65,100,930.00,"93,000.00"
1802,2024082505035441,HRL,14,65,50,930.00,"46,500.00"
1803,2024082505035532,HRL,17,58,10,933.00,"9,330.00"
1804,2024082505035531,HRL,17,58,10,932.00,"9,320.00"
1805,2024082505035530,HRL,17,52,10,931.50,"9,315.00"
1806,2024082505035529,HRL,17,11,20,930.00,"18,600.00"
1807,2024082505035528,HRL,17,49,10,930.00,"9,300.00"
1808,2024082505035463,HRL,38,65,150,930.00,"139,500.00"
1809,2024082505035557,HRL,36,46,25,929.00,"23,225.00"
1810,2024082505035556,HRL,43,46,25,929.00,"23,225.00"
1811,2024082505035555,HRL,48,46,100,929.00,"92,900.00"
1812,2024082505035554,HRL,53,46,300,929.20,"278,760.00"
1813,2024082505035553,HRL,6,46,50,929.30,"46,465.00"
1814,2024082505035533,HRL,17,65,40,933.00,"37,320.00"
1815,2024082505035640,HRL,58,34,10,928.50,"9,285.00"
1816,2024082505035639,HRL,45,34,100,928.60,"92,860.00"
1817,2024082505035635,HRL,36,34,255,929.00,"236,895.00"
1818,2024082505035634,HRL,42,54,172,930.00,"159,960.00"
1819,2024082505035633,HRL,42,8,10,930.00,"9,300.00"
1820,2024082505035558,HRL,36,6,20,929.00,"18,580.00"
1821,2024082505035677,HRL,56,34,100,928.10,"92,810.00"
1822,2024082505035676,HRL,37,34,100,929.00,"92,900.00"
1823,2024082505035663,HRL,57,34,50,929.00,"46,450.00"
1824,2024082505035643,HRL,88,34,800,928.00,"742,400.00"
1825,2024082505035642,HRL,46,34,50,928.20,"46,410.00"
1826,2024082505035641,HRL,35,34,40,928.50,"37,140.00"
1827,2024082505035683,HRL,81,34,50,928.00,"46,400.00"
1828,2024082505035682,HRL,95,34,50,928.00,"46,400.00"
1829,2024082505035681,HRL,34,34,40,928.00,"37,120.00"
1830,2024082505035680,HRL,34,34,40,928.00,"37,120.00"
1831,2024082505035679,HRL,20,34,50,928.00,"46,400.00"
1832,2024082505035678,HRL,88,34,200,928.00,"185,600.00"
1833,2024082505035689,HRL,95,34,300,928.00,"278,400.00"
1834,2024082505035688,HRL,57,34,50,928.00,"46,400.00"
1835,2024082505035687,HRL,17,34,20,928.00,"18,560.00"
1836,2024082505035686,HRL,47,34,100,928.00,"92,800.00"
1837,2024082505035685,HRL,21,34,50,928.00,"46,400.00"
1838,2024082505035684,HRL,34,34,100,928.00,"92,800.00"
1839,2024082505035695,HRL,28,34,700,928.00,"649,600.00"
1840,2024082505035694,HRL,28,34,90,928.00,"83,520.00"
1841,2024082505035693,HRL,55,34,150,928.00,"139,200.00"
1842,2024082505035692,HRL,18,34,500,928.00,"464,000.00"
1843,2024082505035691,HRL,57,34,10,928.00,"9,280.00"
1844,2024082505035690,HRL,44,34,100,928.00,"92,800.00"
1845,2024082505035750,HRL,8,38,44,929.00,"40,876.00"
1846,2024082505035712,HRL,8,58,10,929.00,"9,290.00"
1847,2024082505035706,HRL,8,51,10,929.00,"9,290.00"
1848,2024082505035705,HRL,8,91,31,929.00,"28,799.00"
1849,2024082505035704,HRL,8,55,10,929.00,"9,290.00"
1850,2024082505035703,HRL,8,34,95,929.00,"88,255.00"
1851,2024082505035770,HRL,11,14,10,929.00,"9,290.00"
1852,2024082505035767,HRL,11,72,70,929.00,"65,030.00"
1853,2024082505035766,HRL,34,72,180,929.00,"167,220.00"
1854,2024082505035759,HRL,34,13,20,929.00,"18,580.00"
1855,2024082505035754,HRL,34,49,50,929.00,"46,450.00"
1856,2024082505035753,HRL,28,44,41,928.00,"38,048.00"
1857,2024082505035850,HRL,44,34,100,927.10,"92,710.00"
1858,2024082505035849,HRL,41,34,30,927.10,"27,813.00"
1859,2024082505035818,HRL,28,42,169,928.00,"156,832.00"
