0,Transact_No,Symbol,Buyer,Seller,Quantity,Rate,Amount
1,2024120305016183,HRL,57,49,10,843.00,"8,430.00"
2,2024120305016182,HRL,57,21,230,843.00,"193,890.00"
3,2024120305016170,HRL,7,42,20,842.30,"16,846.00"
4,2024120305016167,HRL,7,22,20,842.30,"16,846.00"
5,2024120305016166,HRL,7,58,100,842.30,"84,230.00"
6,2024120305016019,HRL,57,21,50,843.00,"42,150.00"
7,2024120305011355,HRL,14,43,20,843.90,"16,878.00"
8,2024120305011354,HRL,44,43,10,844.00,"8,440.00"
9,2024120305011361,HRL,49,43,50,843.00,"42,150.00"
10,2024120305011360,HRL,42,43,11,843.00,"9,273.00"
11,2024120305011359,HRL,49,43,19,843.00,"16,017.00"
12,2024120305011358,HRL,50,43,10,843.00,"8,430.00"
13,2024120305011357,HRL,17,43,390,843.00,"328,770.00"
14,2024120305011356,HRL,48,43,38,843.10,"32,037.80"
15,2024120305011447,HRL,38,45,20,843.30,"16,866.00"
16,2024120305011398,HRL,38,52,10,843.30,"8,433.00"
17,2024120305011365,HRL,69,43,452,843.00,"381,036.00"
18,2024120305011364,HRL,69,43,500,843.00,"421,500.00"
19,2024120305011363,HRL,69,43,500,843.00,"421,500.00"
20,2024120305011362,HRL,69,43,500,843.00,"421,500.00"
21,2024120305011460,HRL,65,42,302,842.30,"254,374.60"
22,2024120305011459,HRL,49,42,10,842.30,"8,423.00"
23,2024120305011458,HRL,1,42,50,843.00,"42,150.00"
24,2024120305011457,HRL,69,42,48,843.00,"40,464.00"
25,2024120305011456,HRL,43,42,470,843.50,"396,445.00"
26,2024120305011451,HRL,43,5,10,843.50,"8,435.00"
27,2024120305011590,HRL,74,55,10,844.00,"8,440.00"
28,2024120305011589,HRL,74,45,20,844.00,"16,880.00"
29,2024120305011584,HRL,47,38,10,843.00,"8,430.00"
30,2024120305011570,HRL,47,8,10,843.00,"8,430.00"
31,2024120305011495,HRL,65,49,10,842.30,"8,423.00"
32,2024120305011494,HRL,64,49,10,843.00,"8,430.00"
33,2024120305011672,HRL,49,55,10,845.00,"8,450.00"
34,2024120305011671,HRL,49,49,10,845.00,"8,450.00"
35,2024120305011664,HRL,74,77,10,844.00,"8,440.00"
36,2024120305011633,HRL,25,22,246,845.00,"207,870.00"
37,2024120305011631,HRL,74,38,10,844.00,"8,440.00"
38,2024120305011592,HRL,74,65,10,844.00,"8,440.00"
39,2024120305011698,HRL,55,55,1,828.10,828.10
40,2024120305011680,HRL,74,13,17,845.00,"14,365.00"
41,2024120305011676,HRL,49,13,50,845.00,"42,250.00"
42,2024120305011675,HRL,49,49,10,845.00,"8,450.00"
43,2024120305011674,HRL,49,45,10,845.00,"8,450.00"
44,2024120305011673,HRL,49,52,10,845.00,"8,450.00"
45,2024120305011849,HRL,36,38,20,844.10,"16,882.00"
46,2024120305011818,HRL,36,58,10,844.10,"8,441.00"
47,2024120305011773,HRL,21,4,20,845.00,"16,900.00"
48,2024120305011755,HRL,74,4,32,845.00,"27,040.00"
49,2024120305011746,HRL,74,11,20,845.00,"16,900.00"
50,2024120305011712,HRL,74,22,31,845.00,"26,195.00"
51,2024120305011874,HRL,57,22,10,846.00,"8,460.00"
52,2024120305011873,HRL,57,36,10,846.00,"8,460.00"
53,2024120305011872,HRL,57,58,10,846.00,"8,460.00"
54,2024120305011871,HRL,57,57,10,845.80,"8,458.00"
55,2024120305011864,HRL,13,33,10,845.10,"8,451.00"
56,2024120305011852,HRL,57,38,20,845.00,"16,900.00"
57,2024120305011918,HRL,39,22,31,846.00,"26,226.00"
58,2024120305011917,HRL,39,4,124,846.00,"104,904.00"
59,2024120305011878,HRL,57,11,15,847.00,"12,705.00"
60,2024120305011877,HRL,57,50,10,847.00,"8,470.00"
61,2024120305011876,HRL,57,95,15,847.00,"12,705.00"
62,2024120305011875,HRL,57,58,20,846.50,"16,930.00"
63,2024120305011968,HRL,57,38,10,845.00,"8,450.00"
64,2024120305011948,HRL,57,28,10,845.00,"8,450.00"
65,2024120305011947,HRL,57,39,20,845.00,"16,900.00"
66,2024120305011946,HRL,57,38,10,845.00,"8,450.00"
67,2024120305011945,HRL,13,58,20,845.10,"16,902.00"
68,2024120305011924,HRL,39,50,145,846.00,"122,670.00"
69,2024120305012041,HRL,57,42,10,845.00,"8,450.00"
70,2024120305012012,HRL,57,22,31,845.00,"26,195.00"
71,2024120305011998,HRL,57,79,10,845.00,"8,450.00"
72,2024120305011988,HRL,57,49,10,845.00,"8,450.00"
73,2024120305011986,HRL,42,50,40,846.00,"33,840.00"
74,2024120305011975,HRL,64,50,117,846.00,"98,982.00"
75,2024120305012101,HRL,36,6,10,844.10,"8,441.00"
76,2024120305012076,HRL,49,58,10,845.00,"8,450.00"
77,2024120305012075,HRL,57,58,19,845.00,"16,055.00"
78,2024120305012066,HRL,57,58,20,845.00,"16,900.00"
79,2024120305012063,HRL,57,32,20,845.00,"16,900.00"
80,2024120305012047,HRL,57,50,10,845.00,"8,450.00"
81,2024120305012148,HRL,38,6,100,845.90,"84,590.00"
82,2024120305012147,HRL,38,52,31,845.50,"26,210.50"
83,2024120305012146,HRL,38,47,10,845.00,"8,450.00"
84,2024120305012145,HRL,38,22,20,845.00,"16,900.00"
85,2024120305012142,HRL,36,57,10,844.10,"8,441.00"
86,2024120305012129,HRL,36,58,17,844.10,"14,349.70"
87,2024120305012154,HRL,38,49,10,847.00,"8,470.00"
88,2024120305012153,HRL,38,44,10,847.00,"8,470.00"
89,2024120305012152,HRL,38,58,10,847.00,"8,470.00"
90,2024120305012151,HRL,38,22,31,847.00,"26,257.00"
91,2024120305012150,HRL,38,29,500,846.00,"423,000.00"
92,2024120305012149,HRL,38,58,10,846.00,"8,460.00"
93,2024120305012160,HRL,38,4,"1,000",847.00,"847,000.00"
94,2024120305012159,HRL,38,58,10,847.00,"8,470.00"
95,2024120305012158,HRL,38,58,10,847.00,"8,470.00"
96,2024120305012157,HRL,38,32,20,847.00,"16,940.00"
97,2024120305012156,HRL,38,8,10,847.00,"8,470.00"
98,2024120305012155,HRL,38,17,31,847.00,"26,257.00"
99,2024120305012205,HRL,75,52,10,846.00,"8,460.00"
100,2024120305012203,HRL,75,77,10,846.00,"8,460.00"
101,2024120305012200,HRL,75,70,20,846.00,"16,920.00"
102,2024120305012192,HRL,75,50,20,846.00,"16,920.00"
103,2024120305012162,HRL,38,49,20,847.00,"16,940.00"
104,2024120305012161,HRL,38,44,10,847.00,"8,470.00"
105,2024120305012236,HRL,75,28,10,846.00,"8,460.00"
106,2024120305012228,HRL,75,42,10,846.00,"8,460.00"
107,2024120305012226,HRL,75,55,10,846.00,"8,460.00"
108,2024120305012225,HRL,25,58,20,846.00,"16,920.00"
109,2024120305012224,HRL,75,58,30,846.00,"25,380.00"
110,2024120305012212,HRL,75,47,10,846.00,"8,460.00"
111,2024120305012314,HRL,25,58,10,845.10,"8,451.00"
112,2024120305012298,HRL,75,58,100,846.00,"84,600.00"
113,2024120305012297,HRL,75,58,40,846.00,"33,840.00"
114,2024120305012278,HRL,75,19,10,846.00,"8,460.00"
115,2024120305012277,HRL,58,19,10,846.10,"8,461.00"
116,2024120305012249,HRL,75,26,20,846.00,"16,920.00"
117,2024120305012564,HRL,16,57,500,847.00,"423,500.00"
118,2024120305012552,HRL,39,57,20,846.00,"16,920.00"
119,2024120305012462,HRL,25,52,10,845.10,"8,451.00"
120,2024120305012430,HRL,25,80,10,845.10,"8,451.00"
121,2024120305012321,HRL,58,58,9,840.00,"7,560.00"
122,2024120305012317,HRL,25,6,10,845.10,"8,451.00"
123,2024120305012646,HRL,58,68,10,847.00,"8,470.00"
124,2024120305012600,HRL,58,28,10,847.00,"8,470.00"
125,2024120305012590,HRL,58,63,360,847.00,"304,920.00"
126,2024120305012585,HRL,57,63,140,847.00,"118,580.00"
127,2024120305012584,HRL,57,1,50,847.00,"42,350.00"
128,2024120305012583,HRL,57,22,10,847.00,"8,470.00"
129,2024120305012709,HRL,16,57,70,848.00,"59,360.00"
130,2024120305012703,HRL,28,7,41,847.20,"34,735.20"
131,2024120305012687,HRL,56,57,80,848.00,"67,840.00"
132,2024120305012686,HRL,56,19,10,848.00,"8,480.00"
133,2024120305012685,HRL,56,49,10,847.20,"8,472.00"
134,2024120305012647,HRL,58,55,50,847.00,"42,350.00"
135,2024120305012735,HRL,38,58,10,849.00,"8,490.00"
136,2024120305012734,HRL,38,35,10,849.00,"8,490.00"
137,2024120305012733,HRL,38,40,20,849.00,"16,980.00"
138,2024120305012732,HRL,38,45,62,849.00,"52,638.00"
139,2024120305012711,HRL,16,49,10,848.00,"8,480.00"
140,2024120305012710,HRL,16,65,31,848.00,"26,288.00"
141,2024120305012742,HRL,32,42,10,850.00,"8,500.00"
142,2024120305012741,HRL,32,25,10,850.00,"8,500.00"
143,2024120305012740,HRL,32,38,10,850.00,"8,500.00"
144,2024120305012739,HRL,32,52,10,850.00,"8,500.00"
145,2024120305012738,HRL,32,42,100,850.00,"85,000.00"
146,2024120305012737,HRL,32,16,50,849.90,"42,495.00"
147,2024120305012748,HRL,32,49,10,850.00,"8,500.00"
148,2024120305012747,HRL,32,22,20,850.00,"17,000.00"
149,2024120305012746,HRL,32,46,10,850.00,"8,500.00"
150,2024120305012745,HRL,32,54,10,850.00,"8,500.00"
151,2024120305012744,HRL,32,52,10,850.00,"8,500.00"
152,2024120305012743,HRL,32,32,10,850.00,"8,500.00"
153,2024120305012754,HRL,32,41,10,850.00,"8,500.00"
154,2024120305012753,HRL,32,11,10,850.00,"8,500.00"
155,2024120305012752,HRL,32,58,10,850.00,"8,500.00"
156,2024120305012751,HRL,32,57,10,850.00,"8,500.00"
157,2024120305012750,HRL,32,41,10,850.00,"8,500.00"
158,2024120305012749,HRL,32,58,10,850.00,"8,500.00"
159,2024120305012760,HRL,32,42,10,850.00,"8,500.00"
160,2024120305012759,HRL,32,77,10,850.00,"8,500.00"
161,2024120305012758,HRL,32,41,10,850.00,"8,500.00"
162,2024120305012757,HRL,32,45,10,850.00,"8,500.00"
163,2024120305012756,HRL,32,56,10,850.00,"8,500.00"
164,2024120305012755,HRL,32,34,10,850.00,"8,500.00"
165,2024120305012766,HRL,32,47,10,850.00,"8,500.00"
166,2024120305012765,HRL,32,4,20,850.00,"17,000.00"
167,2024120305012764,HRL,32,85,"1,000",850.00,"850,000.00"
168,2024120305012763,HRL,32,58,10,850.00,"8,500.00"
169,2024120305012762,HRL,32,44,10,850.00,"8,500.00"
170,2024120305012761,HRL,32,58,20,850.00,"17,000.00"
171,2024120305012772,HRL,32,22,10,850.00,"8,500.00"
172,2024120305012771,HRL,32,14,10,850.00,"8,500.00"
173,2024120305012770,HRL,32,58,10,850.00,"8,500.00"
174,2024120305012769,HRL,32,45,10,850.00,"8,500.00"
175,2024120305012768,HRL,32,14,31,850.00,"26,350.00"
176,2024120305012767,HRL,32,26,100,850.00,"85,000.00"
177,2024120305012778,HRL,32,57,10,850.00,"8,500.00"
178,2024120305012777,HRL,32,35,10,850.00,"8,500.00"
179,2024120305012776,HRL,32,59,10,850.00,"8,500.00"
180,2024120305012775,HRL,32,57,20,850.00,"17,000.00"
181,2024120305012774,HRL,32,62,10,850.00,"8,500.00"
182,2024120305012773,HRL,32,22,20,850.00,"17,000.00"
183,2024120305012784,HRL,32,3,250,850.00,"212,500.00"
184,2024120305012783,HRL,32,49,10,850.00,"8,500.00"
185,2024120305012782,HRL,32,42,10,850.00,"8,500.00"
186,2024120305012781,HRL,32,65,500,850.00,"425,000.00"
187,2024120305012780,HRL,32,49,10,850.00,"8,500.00"
188,2024120305012779,HRL,32,38,20,850.00,"17,000.00"
189,2024120305012790,HRL,32,45,20,850.00,"17,000.00"
190,2024120305012789,HRL,32,1,300,850.00,"255,000.00"
191,2024120305012788,HRL,32,58,10,850.00,"8,500.00"
192,2024120305012787,HRL,32,34,20,850.00,"17,000.00"
193,2024120305012786,HRL,32,52,20,850.00,"17,000.00"
194,2024120305012785,HRL,32,58,10,850.00,"8,500.00"
195,2024120305012796,HRL,32,66,10,850.00,"8,500.00"
196,2024120305012795,HRL,32,14,10,850.00,"8,500.00"
197,2024120305012794,HRL,32,57,10,850.00,"8,500.00"
198,2024120305012793,HRL,32,83,31,850.00,"26,350.00"
199,2024120305012792,HRL,32,77,20,850.00,"17,000.00"
200,2024120305012791,HRL,32,42,310,850.00,"263,500.00"
201,2024120305012809,HRL,38,50,31,850.00,"26,350.00"
202,2024120305012801,HRL,32,58,130,850.00,"110,500.00"
203,2024120305012800,HRL,32,48,40,850.00,"34,000.00"
204,2024120305012799,HRL,32,41,31,850.00,"26,350.00"
205,2024120305012798,HRL,32,57,10,850.00,"8,500.00"
206,2024120305012797,HRL,32,58,10,850.00,"8,500.00"
207,2024120305012876,HRL,64,34,520,850.00,"442,000.00"
208,2024120305012836,HRL,11,34,50,850.00,"42,500.00"
209,2024120305012817,HRL,32,34,500,850.00,"425,000.00"
210,2024120305012812,HRL,34,34,67,850.00,"56,950.00"
211,2024120305012811,HRL,34,13,33,850.00,"28,050.00"
212,2024120305012810,HRL,38,13,67,850.00,"56,950.00"
213,2024120305012888,HRL,16,22,31,848.00,"26,288.00"
214,2024120305012882,HRL,32,58,20,850.00,"17,000.00"
215,2024120305012881,HRL,32,52,10,850.00,"8,500.00"
216,2024120305012880,HRL,32,6,100,850.00,"85,000.00"
217,2024120305012879,HRL,32,42,10,850.00,"8,500.00"
218,2024120305012878,HRL,32,34,863,850.00,"733,550.00"
219,2024120305012957,HRL,33,60,25,849.00,"21,225.00"
220,2024120305012937,HRL,32,60,14,849.00,"11,886.00"
221,2024120305012898,HRL,51,68,190,850.00,"161,500.00"
222,2024120305012897,HRL,51,47,10,850.00,"8,500.00"
223,2024120305012895,HRL,16,77,10,848.00,"8,480.00"
224,2024120305012890,HRL,58,35,10,850.00,"8,500.00"
225,2024120305012998,HRL,34,16,10,850.00,"8,500.00"
226,2024120305012997,HRL,34,68,110,850.00,"93,500.00"
227,2024120305012996,HRL,34,49,471,849.90,"400,302.90"
228,2024120305012995,HRL,34,60,89,849.00,"75,561.00"
229,2024120305012986,HRL,57,60,100,849.00,"84,900.00"
230,2024120305012972,HRL,57,49,10,848.10,"8,481.00"
231,2024120305013004,HRL,34,45,10,850.00,"8,500.00"
232,2024120305013003,HRL,34,77,10,850.00,"8,500.00"
233,2024120305013002,HRL,34,17,10,850.00,"8,500.00"
234,2024120305013001,HRL,34,77,20,850.00,"17,000.00"
235,2024120305013000,HRL,34,25,200,850.00,"170,000.00"
236,2024120305012999,HRL,34,49,10,850.00,"8,500.00"
237,2024120305013125,HRL,41,42,74,848.10,"62,759.40"
238,2024120305013124,HRL,57,42,30,848.10,"25,443.00"
239,2024120305013087,HRL,57,4,20,848.10,"16,962.00"
240,2024120305013067,HRL,57,56,40,848.10,"33,924.00"
241,2024120305013006,HRL,34,4,10,850.00,"8,500.00"
242,2024120305013005,HRL,34,1,50,850.00,"42,500.00"
243,2024120305013212,HRL,28,38,20,849.00,"16,980.00"
244,2024120305013211,HRL,28,11,10,849.00,"8,490.00"
245,2024120305013210,HRL,28,42,10,849.00,"8,490.00"
246,2024120305013186,HRL,16,58,20,848.00,"16,960.00"
247,2024120305013148,HRL,41,61,16,848.10,"13,569.60"
248,2024120305013138,HRL,41,38,10,848.10,"8,481.00"
249,2024120305013289,HRL,39,39,14,848.00,"11,872.00"
250,2024120305013288,HRL,45,39,142,848.00,"120,416.00"
251,2024120305013266,HRL,45,34,158,848.00,"133,984.00"
252,2024120305013265,HRL,16,34,18,848.00,"15,264.00"
253,2024120305013257,HRL,16,35,10,848.00,"8,480.00"
254,2024120305013213,HRL,28,6,19,850.00,"16,150.00"
255,2024120305013366,HRL,29,21,50,849.00,"42,450.00"
256,2024120305013348,HRL,48,21,70,849.00,"59,430.00"
257,2024120305013347,HRL,48,35,10,849.00,"8,490.00"
258,2024120305013318,HRL,6,57,10,848.00,"8,480.00"
259,2024120305013307,HRL,39,6,220,848.00,"186,560.00"
260,2024120305013294,HRL,39,57,10,848.00,"8,480.00"
261,2024120305013459,HRL,57,47,200,847.10,"169,420.00"
262,2024120305013458,HRL,38,47,20,847.10,"16,942.00"
263,2024120305013435,HRL,29,69,160,848.00,"135,680.00"
264,2024120305013392,HRL,29,58,20,848.00,"16,960.00"
265,2024120305013390,HRL,29,48,20,848.00,"16,960.00"
266,2024120305013376,HRL,49,44,10,848.00,"8,480.00"
267,2024120305013465,HRL,39,47,330,846.00,"279,180.00"
268,2024120305013464,HRL,57,47,25,847.00,"21,175.00"
269,2024120305013463,HRL,45,47,30,847.00,"25,410.00"
270,2024120305013462,HRL,41,47,100,847.00,"84,700.00"
271,2024120305013461,HRL,59,47,100,847.00,"84,700.00"
272,2024120305013460,HRL,16,47,200,847.00,"169,400.00"
273,2024120305013618,HRL,58,4,78,848.00,"66,144.00"
274,2024120305013567,HRL,58,42,10,848.00,"8,480.00"
275,2024120305013518,HRL,49,32,34,848.90,"28,862.60"
276,2024120305013517,HRL,49,47,31,848.00,"26,288.00"
277,2024120305013516,HRL,49,36,20,847.10,"16,942.00"
278,2024120305013466,HRL,45,47,95,846.00,"80,370.00"
279,2024120305013643,HRL,55,34,64,846.00,"54,144.00"
280,2024120305013642,HRL,4,34,60,847.00,"50,820.00"
281,2024120305013641,HRL,21,34,42,848.00,"35,616.00"
282,2024120305013640,HRL,58,34,34,848.00,"28,832.00"
283,2024120305013621,HRL,38,38,1,831.10,831.10
284,2024120305013620,HRL,58,58,10,848.00,"8,480.00"
285,2024120305013731,HRL,34,25,20,845.20,"16,904.00"
286,2024120305013723,HRL,39,56,12,846.00,"10,152.00"
287,2024120305013713,HRL,39,4,20,846.00,"16,920.00"
288,2024120305013712,HRL,39,41,18,846.00,"15,228.00"
289,2024120305013660,HRL,55,41,23,846.00,"19,458.00"
290,2024120305013657,HRL,55,32,20,846.00,"16,920.00"
291,2024120305013763,HRL,25,49,200,845.10,"169,020.00"
292,2024120305013746,HRL,41,56,10,846.00,"8,460.00"
293,2024120305013742,HRL,5,42,200,845.10,"169,020.00"
294,2024120305013741,HRL,55,42,60,845.10,"50,706.00"
295,2024120305013740,HRL,25,42,10,845.10,"8,451.00"
296,2024120305013739,HRL,34,42,30,845.20,"25,356.00"
297,2024120305013834,HRL,38,32,20,846.00,"16,920.00"
298,2024120305013816,HRL,55,33,10,846.00,"8,460.00"
299,2024120305013809,HRL,39,16,10,845.10,"8,451.00"
300,2024120305013766,HRL,58,49,93,845.00,"78,585.00"
301,2024120305013765,HRL,49,49,50,845.00,"42,250.00"
302,2024120305013764,HRL,38,49,157,845.00,"132,665.00"
303,2024120305013908,HRL,53,21,30,845.00,"25,350.00"
304,2024120305013907,HRL,62,21,100,845.00,"84,500.00"
305,2024120305013906,HRL,54,21,40,845.00,"33,800.00"
306,2024120305013877,HRL,54,56,60,845.00,"50,700.00"
307,2024120305013876,HRL,39,56,40,845.10,"33,804.00"
308,2024120305013835,HRL,38,56,9,846.00,"7,614.00"
309,2024120305014093,HRL,48,58,51,844.30,"43,059.30"
310,2024120305014082,HRL,11,58,20,844.30,"16,886.00"
311,2024120305014046,HRL,57,58,110,844.30,"92,873.00"
312,2024120305014043,HRL,57,1,10,844.30,"8,443.00"
313,2024120305013956,HRL,57,34,10,844.30,"8,443.00"
314,2024120305013914,HRL,55,21,10,845.00,"8,450.00"
315,2024120305014160,HRL,55,21,25,844.30,"21,107.50"
316,2024120305014159,HRL,17,21,85,844.30,"71,765.50"
317,2024120305014149,HRL,17,52,15,844.30,"12,664.50"
318,2024120305014098,HRL,33,58,176,844.20,"148,579.20"
319,2024120305014097,HRL,48,95,510,845.00,"430,950.00"
320,2024120305014094,HRL,48,95,199,845.00,"168,155.00"
321,2024120305014166,HRL,26,21,50,844.00,"42,200.00"
322,2024120305014165,HRL,74,21,140,844.00,"118,160.00"
323,2024120305014164,HRL,3,21,50,844.10,"42,205.00"
324,2024120305014163,HRL,26,21,50,844.20,"42,210.00"
325,2024120305014162,HRL,36,21,33,844.20,"27,858.60"
326,2024120305014161,HRL,33,21,324,844.20,"273,520.80"
327,2024120305014217,HRL,34,45,20,843.20,"16,864.00"
328,2024120305014195,HRL,48,21,250,844.00,"211,000.00"
329,2024120305014174,HRL,38,21,40,844.00,"33,760.00"
330,2024120305014169,HRL,45,21,20,844.00,"16,880.00"
331,2024120305014168,HRL,77,21,30,844.00,"25,320.00"
332,2024120305014167,HRL,33,21,200,844.00,"168,800.00"
333,2024120305014321,HRL,57,6,11,843.30,"9,276.30"
334,2024120305014320,HRL,34,6,20,843.50,"16,870.00"
335,2024120305014264,HRL,34,11,20,843.50,"16,870.00"
336,2024120305014238,HRL,57,95,37,845.00,"31,265.00"
337,2024120305014237,HRL,57,58,10,844.00,"8,440.00"
338,2024120305014236,HRL,57,21,203,844.00,"171,332.00"
339,2024120305014417,HRL,32,49,10,844.00,"8,440.00"
340,2024120305014407,HRL,51,6,31,843.40,"26,145.40"
341,2024120305014387,HRL,3,95,16,845.00,"13,520.00"
342,2024120305014385,HRL,56,95,50,845.00,"42,250.00"
343,2024120305014376,HRL,60,95,100,845.00,"84,500.00"
344,2024120305014323,HRL,56,58,20,844.50,"16,890.00"
345,2024120305014542,HRL,35,17,30,844.90,"25,347.00"
346,2024120305014525,HRL,34,6,11,844.30,"9,287.30"
347,2024120305014460,HRL,51,38,10,844.20,"8,442.00"
348,2024120305014452,HRL,51,58,10,844.20,"8,442.00"
349,2024120305014442,HRL,38,21,20,844.10,"16,882.00"
350,2024120305014435,HRL,57,95,500,845.00,"422,500.00"
351,2024120305014566,HRL,42,38,10,845.00,"8,450.00"
352,2024120305014565,HRL,42,22,10,845.00,"8,450.00"
353,2024120305014564,HRL,42,58,10,845.00,"8,450.00"
354,2024120305014563,HRL,42,41,10,845.00,"8,450.00"
355,2024120305014562,HRL,42,49,10,845.00,"8,450.00"
356,2024120305014561,HRL,42,95,308,845.00,"260,260.00"
357,2024120305014578,HRL,34,6,21,844.30,"17,730.30"
358,2024120305014577,HRL,22,6,10,844.40,"8,444.00"
359,2024120305014570,HRL,42,41,30,845.00,"25,350.00"
360,2024120305014569,HRL,42,58,10,845.00,"8,450.00"
361,2024120305014568,HRL,42,49,20,845.00,"16,900.00"
362,2024120305014567,HRL,42,57,30,845.00,"25,350.00"
363,2024120305014644,HRL,34,45,10,844.30,"8,443.00"
364,2024120305014627,HRL,51,6,10,844.40,"8,444.00"
365,2024120305014625,HRL,51,44,10,844.40,"8,444.00"
366,2024120305014622,HRL,51,6,20,844.40,"16,888.00"
367,2024120305014582,HRL,50,38,10,845.00,"8,450.00"
368,2024120305014581,HRL,50,47,10,845.00,"8,450.00"
369,2024120305014771,HRL,38,42,30,844.30,"25,329.00"
370,2024120305014759,HRL,38,34,50,844.30,"42,215.00"
371,2024120305014719,HRL,51,38,10,845.00,"8,450.00"
372,2024120305014713,HRL,54,6,30,844.50,"25,335.00"
373,2024120305014710,HRL,54,39,10,844.50,"8,445.00"
374,2024120305014709,HRL,54,58,10,844.50,"8,445.00"
375,2024120305014866,HRL,75,13,293,844.00,"247,292.00"
376,2024120305014847,HRL,75,56,100,844.00,"84,400.00"
377,2024120305014822,HRL,75,58,31,844.00,"26,164.00"
378,2024120305014794,HRL,75,45,31,844.00,"26,164.00"
379,2024120305014773,HRL,75,42,45,844.00,"37,980.00"
380,2024120305014772,HRL,55,42,50,844.30,"42,215.00"
381,2024120305014876,HRL,58,19,30,844.00,"25,320.00"
382,2024120305014875,HRL,46,19,10,844.00,"8,440.00"
383,2024120305014874,HRL,46,19,30,844.00,"25,320.00"
384,2024120305014873,HRL,26,19,73,844.00,"61,612.00"
385,2024120305014872,HRL,41,19,200,844.10,"168,820.00"
386,2024120305014867,HRL,26,13,47,844.00,"39,668.00"
387,2024120305014970,HRL,92,58,10,844.00,"8,440.00"
388,2024120305014955,HRL,92,36,20,844.00,"16,880.00"
389,2024120305014954,HRL,92,19,357,844.00,"301,308.00"
390,2024120305014953,HRL,34,42,10,843.50,"8,435.00"
391,2024120305014919,HRL,34,44,10,843.50,"8,435.00"
392,2024120305014886,HRL,34,29,10,843.50,"8,435.00"
393,2024120305015043,HRL,49,42,20,845.00,"16,900.00"
394,2024120305015042,HRL,49,90,10,845.00,"8,450.00"
395,2024120305015041,HRL,49,66,25,844.40,"21,110.00"
396,2024120305015040,HRL,49,49,10,844.30,"8,443.00"
397,2024120305015033,HRL,92,41,10,844.00,"8,440.00"
398,2024120305014972,HRL,92,7,10,844.00,"8,440.00"
399,2024120305015049,HRL,49,45,10,846.00,"8,460.00"
400,2024120305015048,HRL,49,55,10,846.00,"8,460.00"
401,2024120305015047,HRL,49,58,20,846.00,"16,920.00"
402,2024120305015046,HRL,49,35,10,845.00,"8,450.00"
403,2024120305015045,HRL,49,58,10,845.00,"8,450.00"
404,2024120305015044,HRL,49,47,10,845.00,"8,450.00"
405,2024120305015062,HRL,49,34,191,846.00,"161,586.00"
406,2024120305015054,HRL,49,54,163,846.00,"137,898.00"
407,2024120305015053,HRL,49,1,200,846.00,"169,200.00"
408,2024120305015052,HRL,49,6,760,846.00,"642,960.00"
409,2024120305015051,HRL,49,49,31,846.00,"26,226.00"
410,2024120305015050,HRL,49,49,20,846.00,"16,920.00"
411,2024120305015090,HRL,57,49,489,843.30,"412,373.70"
412,2024120305015089,HRL,39,49,100,843.40,"84,340.00"
413,2024120305015088,HRL,53,49,50,843.40,"42,170.00"
414,2024120305015087,HRL,34,80,10,843.50,"8,435.00"
415,2024120305015086,HRL,34,32,10,843.50,"8,435.00"
416,2024120305015063,HRL,92,34,93,844.00,"78,492.00"
417,2024120305015102,HRL,25,34,254,844.00,"214,376.00"
418,2024120305015099,HRL,47,66,20,843.00,"16,860.00"
419,2024120305015098,HRL,47,45,23,843.00,"19,389.00"
420,2024120305015093,HRL,47,49,241,843.00,"203,163.00"
421,2024120305015092,HRL,3,49,40,843.20,"33,728.00"
422,2024120305015091,HRL,34,49,80,843.20,"67,456.00"
423,2024120305015294,HRL,51,14,10,844.10,"8,441.00"
424,2024120305015248,HRL,48,4,10,844.00,"8,440.00"
425,2024120305015124,HRL,48,52,10,844.00,"8,440.00"
426,2024120305015119,HRL,48,41,10,844.00,"8,440.00"
427,2024120305015118,HRL,48,34,462,844.00,"389,928.00"
428,2024120305015104,HRL,58,19,11,843.50,"9,278.50"
429,2024120305015455,HRL,48,13,35,844.00,"29,540.00"
430,2024120305015427,HRL,48,57,88,844.00,"74,272.00"
431,2024120305015426,HRL,51,57,29,844.10,"24,478.90"
432,2024120305015358,HRL,51,42,20,844.10,"16,882.00"
433,2024120305015343,HRL,51,10,10,844.10,"8,441.00"
434,2024120305015311,HRL,51,5,41,844.10,"34,608.10"
435,2024120305015461,HRL,47,13,706,843.00,"595,158.00"
436,2024120305015460,HRL,34,13,100,843.10,"84,310.00"
437,2024120305015459,HRL,77,13,20,843.10,"16,862.00"
438,2024120305015458,HRL,39,13,100,843.10,"84,310.00"
439,2024120305015457,HRL,45,13,20,844.00,"16,880.00"
440,2024120305015456,HRL,46,13,19,844.00,"16,036.00"
441,2024120305015599,HRL,39,42,31,843.00,"26,133.00"
442,2024120305015481,HRL,39,58,140,843.00,"118,020.00"
443,2024120305015480,HRL,38,58,20,843.00,"16,860.00"
444,2024120305015479,HRL,47,58,80,843.00,"67,440.00"
445,2024120305015472,HRL,47,10,10,843.00,"8,430.00"
446,2024120305015466,HRL,42,55,25,844.90,"21,122.50"
447,2024120305015626,HRL,19,40,20,843.00,"16,860.00"
448,2024120305015622,HRL,19,55,14,843.00,"11,802.00"
449,2024120305015621,HRL,56,55,25,843.00,"21,075.00"
450,2024120305015620,HRL,77,55,117,843.00,"98,631.00"
451,2024120305015619,HRL,39,55,319,843.00,"268,917.00"
452,2024120305015600,HRL,39,44,10,843.00,"8,430.00"
453,2024120305015642,HRL,58,51,30,843.50,"25,305.00"
454,2024120305015634,HRL,1,19,10,843.00,"8,430.00"
455,2024120305015631,HRL,1,47,25,843.00,"21,075.00"
456,2024120305015630,HRL,50,47,20,843.00,"16,860.00"
457,2024120305015629,HRL,49,47,159,843.00,"134,037.00"
458,2024120305015628,HRL,19,47,66,843.00,"55,638.00"
459,2024120305015673,HRL,1,16,485,843.00,"408,855.00"
460,2024120305015651,HRL,1,58,20,843.00,"16,860.00"
461,2024120305015650,HRL,1,36,10,843.00,"8,430.00"
462,2024120305015649,HRL,58,39,10,844.00,"8,440.00"
463,2024120305015644,HRL,58,38,10,844.00,"8,440.00"
464,2024120305015643,HRL,58,4,20,843.50,"16,870.00"
465,2024120305015696,HRL,32,16,50,843.00,"42,150.00"
466,2024120305015686,HRL,35,16,50,843.00,"42,150.00"
467,2024120305015677,HRL,25,16,88,843.00,"74,184.00"
468,2024120305015676,HRL,46,16,17,843.00,"14,331.00"
469,2024120305015675,HRL,35,16,50,843.00,"42,150.00"
470,2024120305015674,HRL,39,16,100,843.00,"84,300.00"
471,2024120305015780,HRL,28,6,14,842.60,"11,796.40"
472,2024120305015778,HRL,46,6,13,842.60,"10,953.80"
473,2024120305015777,HRL,33,6,10,842.60,"8,426.00"
474,2024120305015776,HRL,39,6,50,842.70,"42,135.00"
475,2024120305015746,HRL,33,44,10,842.60,"8,426.00"
476,2024120305015697,HRL,34,16,50,843.00,"42,150.00"
477,2024120305015827,HRL,56,81,160,842.20,"134,752.00"
478,2024120305015826,HRL,45,81,50,842.30,"42,115.00"
479,2024120305015825,HRL,65,81,188,842.30,"158,352.40"
480,2024120305015824,HRL,21,81,30,842.40,"25,272.00"
481,2024120305015823,HRL,19,81,10,842.50,"8,425.00"
482,2024120305015781,HRL,28,16,16,843.00,"13,488.00"
483,2024120305015882,HRL,26,42,11,842.10,"9,263.10"
484,2024120305015842,HRL,42,16,25,843.00,"21,075.00"
485,2024120305015840,HRL,35,16,50,843.00,"42,150.00"
486,2024120305015830,HRL,26,81,34,842.10,"28,631.40"
487,2024120305015829,HRL,22,81,100,842.10,"84,210.00"
488,2024120305015828,HRL,56,81,28,842.20,"23,581.60"
489,2024120305015970,HRL,34,25,200,842.20,"168,440.00"
490,2024120305015935,HRL,34,39,20,842.20,"16,844.00"
491,2024120305015913,HRL,5,58,10,842.10,"8,421.00"
492,2024120305015912,HRL,5,58,20,842.10,"16,842.00"
493,2024120305015910,HRL,5,6,25,842.10,"21,052.50"
494,2024120305015909,HRL,26,6,55,842.10,"46,315.50"
495,2024120305016017,HRL,48,21,30,843.00,"25,290.00"
496,2024120305016016,HRL,48,36,10,843.00,"8,430.00"
497,2024120305016015,HRL,48,35,10,843.00,"8,430.00"
498,2024120305016014,HRL,48,45,31,843.00,"26,133.00"
499,2024120305016013,HRL,48,16,19,843.00,"16,017.00"
500,2024120305016008,HRL,34,34,80,842.20,"67,376.00"
501,2024120305011247,HRL,44,58,20,844.00,"16,880.00"
502,2024120305011181,HRL,48,58,10,843.10,"8,431.00"
503,2024120305011157,HRL,17,50,20,843.00,"16,860.00"
504,2024120305011149,HRL,17,38,20,843.00,"16,860.00"
505,2024120305011142,HRL,58,22,20,845.00,"16,900.00"
506,2024120305011141,HRL,34,22,134,845.00,"113,230.00"
507,2024120305005339,HRL,38,92,10,850.00,"8,500.00"
508,2024120305005338,HRL,38,92,10,850.00,"8,500.00"
509,2024120305005345,HRL,38,19,10,850.00,"8,500.00"
510,2024120305005344,HRL,38,49,10,850.00,"8,500.00"
511,2024120305005343,HRL,38,49,10,850.00,"8,500.00"
512,2024120305005342,HRL,38,29,10,850.00,"8,500.00"
513,2024120305005341,HRL,38,32,10,850.00,"8,500.00"
514,2024120305005340,HRL,38,92,10,850.00,"8,500.00"
515,2024120305005376,HRL,58,38,10,848.00,"8,480.00"
516,2024120305005375,HRL,58,6,20,848.00,"16,960.00"
517,2024120305005353,HRL,58,6,22,848.00,"18,656.00"
518,2024120305005352,HRL,38,6,38,848.00,"32,224.00"
519,2024120305005347,HRL,38,48,335,850.00,"284,750.00"
520,2024120305005346,HRL,38,6,10,850.00,"8,500.00"
521,2024120305005437,HRL,58,48,10,848.00,"8,480.00"
522,2024120305005406,HRL,58,49,10,848.00,"8,480.00"
523,2024120305005405,HRL,66,42,120,850.00,"102,000.00"
524,2024120305005404,HRL,66,48,115,850.00,"97,750.00"
525,2024120305005402,HRL,58,58,51,848.00,"43,248.00"
526,2024120305005396,HRL,58,58,10,848.00,"8,480.00"
527,2024120305005535,HRL,48,36,10,847.00,"8,470.00"
528,2024120305005527,HRL,48,36,10,847.00,"8,470.00"
529,2024120305005514,HRL,1,42,50,850.00,"42,500.00"
530,2024120305005479,HRL,48,7,10,847.00,"8,470.00"
531,2024120305005460,HRL,52,17,125,847.00,"105,875.00"
532,2024120305005459,HRL,58,17,367,848.00,"311,216.00"
533,2024120305005595,HRL,51,38,10,847.00,"8,470.00"
534,2024120305005569,HRL,51,57,10,847.00,"8,470.00"
535,2024120305005558,HRL,58,57,10,848.00,"8,480.00"
536,2024120305005550,HRL,51,28,10,847.00,"8,470.00"
537,2024120305005549,HRL,48,28,10,847.00,"8,470.00"
538,2024120305005548,HRL,48,51,10,847.00,"8,470.00"
539,2024120305005656,HRL,38,16,20,847.00,"16,940.00"
540,2024120305005626,HRL,38,47,10,847.00,"8,470.00"
541,2024120305005623,HRL,22,22,1,830.10,830.10
542,2024120305005616,HRL,38,29,195,847.00,"165,165.00"
543,2024120305005615,HRL,42,29,20,847.00,"16,940.00"
544,2024120305005614,HRL,51,29,29,847.00,"24,563.00"
545,2024120305005871,HRL,38,36,10,847.00,"8,470.00"
546,2024120305005861,HRL,38,43,10,847.00,"8,470.00"
547,2024120305005859,HRL,38,17,31,847.00,"26,257.00"
548,2024120305005856,HRL,38,4,10,847.00,"8,470.00"
549,2024120305005854,HRL,38,8,52,847.00,"44,044.00"
550,2024120305005848,HRL,38,74,10,847.00,"8,470.00"
551,2024120305005942,HRL,43,49,20,847.10,"16,942.00"
552,2024120305005939,HRL,43,36,10,847.10,"8,471.00"
553,2024120305005912,HRL,38,6,20,847.00,"16,940.00"
554,2024120305005902,HRL,38,38,20,847.00,"16,940.00"
555,2024120305005888,HRL,38,4,10,847.00,"8,470.00"
556,2024120305005872,HRL,38,40,10,847.00,"8,470.00"
557,2024120305006042,HRL,38,25,14,849.80,"11,897.20"
558,2024120305006041,HRL,38,45,10,849.00,"8,490.00"
559,2024120305006040,HRL,38,8,10,848.00,"8,480.00"
560,2024120305006039,HRL,38,54,10,848.00,"8,480.00"
561,2024120305006029,HRL,43,7,10,847.10,"8,471.00"
562,2024120305006028,HRL,43,5,10,847.10,"8,471.00"
563,2024120305006161,HRL,62,28,10,848.00,"8,480.00"
564,2024120305006157,HRL,62,56,20,848.00,"16,960.00"
565,2024120305006120,HRL,62,7,10,848.00,"8,480.00"
566,2024120305006118,HRL,62,57,10,848.00,"8,480.00"
567,2024120305006080,HRL,62,58,10,848.00,"8,480.00"
568,2024120305006050,HRL,43,44,10,847.10,"8,471.00"
569,2024120305006334,HRL,63,45,410,848.10,"347,721.00"
570,2024120305006329,HRL,63,35,20,848.10,"16,962.00"
571,2024120305006322,HRL,63,66,20,848.10,"16,962.00"
572,2024120305006317,HRL,63,59,300,848.10,"254,430.00"
573,2024120305006311,HRL,63,56,10,848.10,"8,481.00"
574,2024120305006229,HRL,62,45,10,848.00,"8,480.00"
575,2024120305006375,HRL,21,19,20,847.30,"16,946.00"
576,2024120305006360,HRL,45,32,20,847.20,"16,944.00"
577,2024120305006338,HRL,81,45,100,848.00,"84,800.00"
578,2024120305006337,HRL,59,45,39,848.00,"33,072.00"
579,2024120305006336,HRL,58,45,40,848.00,"33,920.00"
580,2024120305006335,HRL,62,45,130,848.00,"110,240.00"
581,2024120305006446,HRL,40,38,10,847.20,"8,472.00"
582,2024120305006418,HRL,40,58,10,847.20,"8,472.00"
583,2024120305006409,HRL,40,39,10,847.20,"8,472.00"
584,2024120305006391,HRL,21,58,10,847.30,"8,473.00"
585,2024120305006390,HRL,58,45,280,848.00,"237,440.00"
586,2024120305006389,HRL,58,74,10,847.50,"8,475.00"
587,2024120305006481,HRL,10,16,100,847.20,"84,720.00"
588,2024120305006473,HRL,55,28,20,847.10,"16,942.00"
589,2024120305006472,HRL,41,28,100,847.10,"84,710.00"
590,2024120305006471,HRL,43,28,40,847.10,"33,884.00"
591,2024120305006470,HRL,40,28,74,847.20,"62,692.80"
592,2024120305006469,HRL,6,28,50,847.30,"42,365.00"
593,2024120305006604,HRL,58,58,10,847.20,"8,472.00"
594,2024120305006522,HRL,26,28,10,848.10,"8,481.00"
595,2024120305006519,HRL,38,22,10,847.00,"8,470.00"
596,2024120305006512,HRL,38,38,20,847.00,"16,940.00"
597,2024120305006508,HRL,38,16,386,847.00,"326,942.00"
598,2024120305006501,HRL,38,74,10,847.00,"8,470.00"
599,2024120305006717,HRL,71,51,10,847.10,"8,471.00"
600,2024120305006698,HRL,71,8,10,847.10,"8,471.00"
601,2024120305006697,HRL,71,36,20,847.10,"16,942.00"
602,2024120305006678,HRL,71,58,550,847.10,"465,905.00"
603,2024120305006606,HRL,71,75,10,847.10,"8,471.00"
604,2024120305006605,HRL,58,75,490,847.20,"415,128.00"
605,2024120305006766,HRL,32,63,80,848.00,"67,840.00"
606,2024120305006765,HRL,32,11,10,848.00,"8,480.00"
607,2024120305006764,HRL,32,58,10,848.00,"8,480.00"
608,2024120305006746,HRL,8,34,11,847.90,"9,326.90"
609,2024120305006737,HRL,71,51,20,847.10,"16,942.00"
610,2024120305006728,HRL,8,44,11,847.50,"9,322.50"
611,2024120305006937,HRL,45,44,31,848.00,"26,288.00"
612,2024120305006906,HRL,45,74,10,848.00,"8,480.00"
613,2024120305006877,HRL,45,34,20,848.00,"16,960.00"
614,2024120305006876,HRL,45,16,450,848.00,"381,600.00"
615,2024120305006865,HRL,71,16,10,847.10,"8,471.00"
616,2024120305006846,HRL,55,16,50,848.00,"42,400.00"
617,2024120305006972,HRL,26,21,20,849.00,"16,980.00"
618,2024120305006971,HRL,26,54,10,849.00,"8,490.00"
619,2024120305006970,HRL,26,45,10,849.00,"8,490.00"
620,2024120305006969,HRL,26,58,10,849.00,"8,490.00"
621,2024120305006950,HRL,45,44,10,848.00,"8,480.00"
622,2024120305006941,HRL,45,6,25,848.00,"21,200.00"
623,2024120305006996,HRL,45,16,300,848.00,"254,400.00"
624,2024120305006981,HRL,45,58,20,848.00,"16,960.00"
625,2024120305006976,HRL,45,55,10,848.00,"8,480.00"
626,2024120305006975,HRL,26,42,230,850.00,"195,500.00"
627,2024120305006974,HRL,26,34,10,849.00,"8,490.00"
628,2024120305006973,HRL,26,90,10,849.00,"8,490.00"
629,2024120305007098,HRL,57,35,10,847.20,"8,472.00"
630,2024120305007057,HRL,57,38,10,847.20,"8,472.00"
631,2024120305007049,HRL,45,45,19,848.00,"16,112.00"
632,2024120305007031,HRL,45,38,20,848.00,"16,960.00"
633,2024120305007029,HRL,45,45,50,848.00,"42,400.00"
634,2024120305007028,HRL,43,45,50,848.10,"42,405.00"
635,2024120305007121,HRL,38,35,"1,000",847.00,"847,000.00"
636,2024120305007118,HRL,38,45,51,847.00,"43,197.00"
637,2024120305007117,HRL,55,45,50,847.10,"42,355.00"
638,2024120305007116,HRL,71,45,370,847.10,"313,427.00"
639,2024120305007115,HRL,57,45,10,847.20,"8,472.00"
640,2024120305007112,HRL,57,38,20,847.20,"16,944.00"
641,2024120305007175,HRL,17,38,10,846.50,"8,465.00"
642,2024120305007145,HRL,79,58,10,847.00,"8,470.00"
643,2024120305007144,HRL,21,58,11,847.00,"9,317.00"
644,2024120305007143,HRL,4,58,400,847.00,"338,800.00"
645,2024120305007142,HRL,46,58,10,847.00,"8,470.00"
646,2024120305007141,HRL,38,58,115,847.00,"97,405.00"
647,2024120305007272,HRL,49,88,100,846.20,"84,620.00"
648,2024120305007264,HRL,49,44,50,846.20,"42,310.00"
649,2024120305007259,HRL,17,58,50,846.50,"42,325.00"
650,2024120305007249,HRL,17,51,10,846.50,"8,465.00"
651,2024120305007247,HRL,17,38,20,846.50,"16,930.00"
652,2024120305007246,HRL,17,58,10,846.50,"8,465.00"
653,2024120305007324,HRL,19,16,50,845.50,"42,275.00"
654,2024120305007323,HRL,28,16,11,845.70,"9,302.70"
655,2024120305007322,HRL,34,16,30,845.70,"25,371.00"
656,2024120305007309,HRL,34,44,10,845.70,"8,457.00"
657,2024120305007305,HRL,34,19,10,845.70,"8,457.00"
658,2024120305007291,HRL,14,49,20,846.00,"16,920.00"
659,2024120305007339,HRL,61,17,161,845.50,"136,125.50"
660,2024120305007332,HRL,61,16,39,845.30,"32,966.70"
661,2024120305007328,HRL,57,16,50,845.30,"42,265.00"
662,2024120305007327,HRL,21,16,20,845.30,"16,906.00"
663,2024120305007326,HRL,57,16,100,845.50,"84,550.00"
664,2024120305007325,HRL,40,16,200,845.50,"169,100.00"
665,2024120305007390,HRL,5,18,10,845.20,"8,452.00"
666,2024120305007366,HRL,5,38,10,845.20,"8,452.00"
667,2024120305007356,HRL,5,49,20,845.20,"16,904.00"
668,2024120305007355,HRL,5,58,10,845.20,"8,452.00"
669,2024120305007341,HRL,5,17,129,845.20,"109,030.80"
670,2024120305007340,HRL,3,17,10,845.30,"8,453.00"
671,2024120305007497,HRL,34,49,20,845.00,"16,900.00"
672,2024120305007484,HRL,34,58,55,845.00,"46,475.00"
673,2024120305007483,HRL,29,58,50,845.00,"42,250.00"
674,2024120305007482,HRL,26,58,21,845.10,"17,747.10"
675,2024120305007415,HRL,26,41,179,845.10,"151,272.90"
676,2024120305007414,HRL,5,41,21,845.20,"17,749.20"
677,2024120305007604,HRL,40,58,200,845.00,"169,000.00"
678,2024120305007603,HRL,59,58,90,845.00,"76,050.00"
679,2024120305007597,HRL,59,58,10,845.00,"8,450.00"
680,2024120305007567,HRL,34,57,15,845.00,"12,675.00"
681,2024120305007539,HRL,34,38,10,845.00,"8,450.00"
682,2024120305007529,HRL,48,34,10,845.10,"8,451.00"
683,2024120305007641,HRL,8,34,10,845.10,"8,451.00"
684,2024120305007620,HRL,13,28,10,845.00,"8,450.00"
685,2024120305007608,HRL,13,58,64,845.00,"54,080.00"
686,2024120305007607,HRL,26,58,30,845.00,"25,350.00"
687,2024120305007606,HRL,45,58,50,845.00,"42,250.00"
688,2024120305007605,HRL,77,58,20,845.00,"16,900.00"
689,2024120305007672,HRL,1,22,200,845.00,"169,000.00"
690,2024120305007666,HRL,1,49,20,845.00,"16,900.00"
691,2024120305007665,HRL,13,39,6,845.00,"5,070.00"
692,2024120305007664,HRL,34,39,25,845.00,"21,125.00"
693,2024120305007663,HRL,13,39,10,845.00,"8,450.00"
694,2024120305007642,HRL,8,49,10,845.10,"8,451.00"
695,2024120305007749,HRL,57,16,100,843.00,"84,300.00"
696,2024120305007748,HRL,56,16,100,843.50,"84,350.00"
697,2024120305007717,HRL,84,62,50,845.00,"42,250.00"
698,2024120305007716,HRL,1,62,260,845.00,"219,700.00"
699,2024120305007696,HRL,1,7,10,845.00,"8,450.00"
700,2024120305007686,HRL,1,49,10,845.00,"8,450.00"
701,2024120305007769,HRL,57,54,10,844.80,"8,448.00"
702,2024120305007760,HRL,33,16,20,842.00,"16,840.00"
703,2024120305007753,HRL,33,16,150,842.00,"126,300.00"
704,2024120305007752,HRL,7,16,50,842.10,"42,105.00"
705,2024120305007751,HRL,14,16,30,843.00,"25,290.00"
706,2024120305007750,HRL,6,16,70,843.00,"59,010.00"
707,2024120305007827,HRL,57,96,50,842.00,"42,100.00"
708,2024120305007826,HRL,54,96,35,842.00,"29,470.00"
709,2024120305007825,HRL,26,96,29,842.00,"24,418.00"
710,2024120305007822,HRL,26,53,21,842.00,"17,682.00"
711,2024120305007821,HRL,33,53,10,842.00,"8,420.00"
712,2024120305007779,HRL,33,49,20,842.00,"16,840.00"
713,2024120305007978,HRL,38,14,60,841.10,"50,466.00"
714,2024120305007960,HRL,38,41,10,841.10,"8,411.00"
715,2024120305007959,HRL,38,38,20,841.10,"16,822.00"
716,2024120305007954,HRL,38,58,10,841.10,"8,411.00"
717,2024120305007935,HRL,8,58,11,841.50,"9,256.50"
718,2024120305007828,HRL,7,96,100,842.00,"84,200.00"
719,2024120305008026,HRL,75,55,19,841.10,"15,980.90"
720,2024120305008011,HRL,75,14,40,841.10,"33,644.00"
721,2024120305008010,HRL,1,55,50,841.00,"42,050.00"
722,2024120305008009,HRL,25,55,70,841.00,"58,870.00"
723,2024120305007997,HRL,25,51,10,841.00,"8,410.00"
724,2024120305007994,HRL,25,36,20,841.00,"16,820.00"
725,2024120305008074,HRL,80,42,41,843.50,"34,583.50"
726,2024120305008073,HRL,80,7,10,843.00,"8,430.00"
727,2024120305008064,HRL,44,89,10,842.00,"8,420.00"
728,2024120305008062,HRL,44,45,20,842.00,"16,840.00"
729,2024120305008029,HRL,44,42,10,842.00,"8,420.00"
730,2024120305008027,HRL,58,96,280,842.00,"235,760.00"
731,2024120305008184,HRL,51,28,10,843.50,"8,435.00"
732,2024120305008183,HRL,51,39,66,843.50,"55,671.00"
733,2024120305008182,HRL,39,39,35,843.50,"29,522.50"
734,2024120305008157,HRL,80,39,49,843.50,"41,331.50"
735,2024120305008146,HRL,34,62,90,845.00,"76,050.00"
736,2024120305008145,HRL,34,44,10,844.00,"8,440.00"
737,2024120305008275,HRL,36,47,10,842.60,"8,426.00"
738,2024120305008254,HRL,10,58,10,842.30,"8,423.00"
739,2024120305008253,HRL,3,58,10,842.30,"8,423.00"
740,2024120305008236,HRL,35,38,19,842.50,"16,007.50"
741,2024120305008235,HRL,35,49,10,842.50,"8,425.00"
742,2024120305008207,HRL,51,38,20,843.50,"16,870.00"
743,2024120305008396,HRL,44,62,400,845.00,"338,000.00"
744,2024120305008366,HRL,8,38,10,843.50,"8,435.00"
745,2024120305008331,HRL,5,62,100,845.00,"84,500.00"
746,2024120305008330,HRL,5,44,200,845.00,"169,000.00"
747,2024120305008329,HRL,5,62,100,845.00,"84,500.00"
748,2024120305008298,HRL,10,21,20,843.00,"16,860.00"
749,2024120305008402,HRL,44,45,350,845.00,"295,750.00"
750,2024120305008401,HRL,44,44,20,845.00,"16,900.00"
751,2024120305008400,HRL,44,38,10,845.00,"8,450.00"
752,2024120305008399,HRL,44,44,10,845.00,"8,450.00"
753,2024120305008398,HRL,44,45,10,845.00,"8,450.00"
754,2024120305008397,HRL,44,35,10,845.00,"8,450.00"
755,2024120305008417,HRL,44,66,13,845.00,"10,985.00"
756,2024120305008407,HRL,44,33,10,845.00,"8,450.00"
757,2024120305008406,HRL,44,42,10,845.00,"8,450.00"
758,2024120305008405,HRL,44,11,20,845.00,"16,900.00"
759,2024120305008404,HRL,44,14,10,845.00,"8,450.00"
760,2024120305008403,HRL,44,58,20,845.00,"16,900.00"
761,2024120305008506,HRL,50,38,10,843.20,"8,432.00"
762,2024120305008477,HRL,50,22,20,845.00,"16,900.00"
763,2024120305008476,HRL,34,22,150,845.00,"126,750.00"
764,2024120305008475,HRL,44,22,27,845.00,"22,815.00"
765,2024120305008435,HRL,44,48,10,845.00,"8,450.00"
766,2024120305008432,HRL,44,58,20,845.00,"16,900.00"
767,2024120305008588,HRL,26,53,10,844.00,"8,440.00"
768,2024120305008578,HRL,50,22,20,843.20,"16,864.00"
769,2024120305008556,HRL,26,7,10,844.00,"8,440.00"
770,2024120305008541,HRL,50,58,20,843.20,"16,864.00"
771,2024120305008535,HRL,50,77,10,843.20,"8,432.00"
772,2024120305008510,HRL,50,38,10,843.20,"8,432.00"
773,2024120305008596,HRL,4,35,11,845.90,"9,304.90"
774,2024120305008595,HRL,4,50,20,845.50,"16,910.00"
775,2024120305008594,HRL,4,57,10,845.00,"8,450.00"
776,2024120305008593,HRL,4,57,104,845.00,"87,880.00"
777,2024120305008592,HRL,4,49,10,845.00,"8,450.00"
778,2024120305008591,HRL,4,22,153,845.00,"129,285.00"
779,2024120305008602,HRL,4,41,52,846.20,"44,002.40"
780,2024120305008601,HRL,4,22,20,846.00,"16,920.00"
781,2024120305008600,HRL,4,48,10,846.00,"8,460.00"
782,2024120305008599,HRL,4,43,10,846.00,"8,460.00"
783,2024120305008598,HRL,4,33,10,846.00,"8,460.00"
784,2024120305008597,HRL,4,6,90,846.00,"76,140.00"
785,2024120305008809,HRL,4,1,40,845.00,"33,800.00"
786,2024120305008783,HRL,4,48,20,845.00,"16,900.00"
787,2024120305008761,HRL,4,59,20,845.00,"16,900.00"
788,2024120305008756,HRL,4,48,10,845.00,"8,450.00"
789,2024120305008755,HRL,4,33,10,845.00,"8,450.00"
790,2024120305008619,HRL,50,6,10,843.20,"8,432.00"
791,2024120305008866,HRL,44,21,10,844.00,"8,440.00"
792,2024120305008859,HRL,44,55,10,844.00,"8,440.00"
793,2024120305008825,HRL,44,58,10,844.00,"8,440.00"
794,2024120305008824,HRL,44,37,20,844.00,"16,880.00"
795,2024120305008821,HRL,44,55,10,844.00,"8,440.00"
796,2024120305008810,HRL,44,1,60,844.00,"50,640.00"
797,2024120305008910,HRL,25,22,250,845.00,"211,250.00"
798,2024120305008899,HRL,45,22,50,845.00,"42,250.00"
799,2024120305008898,HRL,45,35,10,845.00,"8,450.00"
800,2024120305008897,HRL,45,48,30,845.00,"25,350.00"
801,2024120305008896,HRL,45,49,10,845.00,"8,450.00"
802,2024120305008890,HRL,44,48,10,844.00,"8,440.00"
803,2024120305008990,HRL,13,38,10,846.00,"8,460.00"
804,2024120305008989,HRL,13,34,10,845.50,"8,455.00"
805,2024120305008981,HRL,10,56,10,844.10,"8,441.00"
806,2024120305008973,HRL,10,47,20,844.10,"16,882.00"
807,2024120305008942,HRL,44,49,31,844.00,"26,164.00"
808,2024120305008917,HRL,44,38,20,844.00,"16,880.00"
809,2024120305009045,HRL,1,44,20,845.00,"16,900.00"
810,2024120305009033,HRL,1,11,20,845.00,"16,900.00"
811,2024120305009019,HRL,43,42,41,844.10,"34,608.10"
812,2024120305008997,HRL,13,44,50,844.00,"42,200.00"
813,2024120305008993,HRL,44,42,10,844.00,"8,440.00"
814,2024120305008991,HRL,10,58,20,844.10,"16,882.00"
815,2024120305009087,HRL,58,26,39,846.10,"32,997.90"
816,2024120305009086,HRL,58,44,11,845.50,"9,300.50"
817,2024120305009084,HRL,43,44,10,845.50,"8,455.00"
818,2024120305009076,HRL,1,47,31,845.00,"26,195.00"
819,2024120305009073,HRL,1,21,10,845.00,"8,450.00"
820,2024120305009062,HRL,1,58,10,845.00,"8,450.00"
821,2024120305009165,HRL,25,48,10,845.00,"8,450.00"
822,2024120305009164,HRL,25,34,91,845.00,"76,895.00"
823,2024120305009152,HRL,13,19,10,844.00,"8,440.00"
824,2024120305009145,HRL,13,47,20,844.00,"16,880.00"
825,2024120305009144,HRL,13,42,10,844.00,"8,440.00"
826,2024120305009094,HRL,1,34,409,845.00,"345,605.00"
827,2024120305009216,HRL,25,45,10,844.00,"8,440.00"
828,2024120305009206,HRL,13,21,10,844.00,"8,440.00"
829,2024120305009204,HRL,13,35,10,844.00,"8,440.00"
830,2024120305009186,HRL,13,74,10,844.00,"8,440.00"
831,2024120305009167,HRL,25,26,20,845.00,"16,900.00"
832,2024120305009166,HRL,25,35,10,845.00,"8,450.00"
833,2024120305009306,HRL,34,13,20,844.00,"16,880.00"
834,2024120305009288,HRL,34,14,10,844.00,"8,440.00"
835,2024120305009275,HRL,34,11,20,844.00,"16,880.00"
836,2024120305009274,HRL,34,16,10,844.00,"8,440.00"
837,2024120305009237,HRL,34,16,10,844.00,"8,440.00"
838,2024120305009232,HRL,34,71,20,844.00,"16,880.00"
839,2024120305009380,HRL,10,34,30,843.30,"25,299.00"
840,2024120305009351,HRL,10,38,20,843.30,"16,866.00"
841,2024120305009328,HRL,25,44,15,844.00,"12,660.00"
842,2024120305009327,HRL,58,44,10,844.00,"8,440.00"
843,2024120305009325,HRL,58,49,90,844.00,"75,960.00"
844,2024120305009324,HRL,34,49,10,844.00,"8,440.00"
845,2024120305009389,HRL,48,44,100,843.10,"84,310.00"
846,2024120305009386,HRL,48,29,10,843.10,"8,431.00"
847,2024120305009384,HRL,48,34,90,843.10,"75,879.00"
848,2024120305009383,HRL,3,34,20,843.10,"16,862.00"
849,2024120305009382,HRL,50,34,60,843.20,"50,592.00"
850,2024120305009381,HRL,34,34,50,843.30,"42,165.00"
851,2024120305009422,HRL,13,56,10,842.60,"8,426.00"
852,2024120305009421,HRL,10,56,40,842.60,"33,704.00"
853,2024120305009408,HRL,5,38,50,843.00,"42,150.00"
854,2024120305009407,HRL,5,44,150,843.00,"126,450.00"
855,2024120305009406,HRL,25,44,10,843.00,"8,430.00"
856,2024120305009405,HRL,47,44,15,843.00,"12,645.00"
857,2024120305009530,HRL,8,34,10,842.80,"8,428.00"
858,2024120305009496,HRL,8,4,11,843.00,"9,273.00"
859,2024120305009485,HRL,35,47,31,842.50,"26,117.50"
860,2024120305009474,HRL,35,41,10,842.50,"8,425.00"
861,2024120305009466,HRL,35,38,50,842.50,"42,125.00"
862,2024120305009440,HRL,13,42,20,842.60,"16,852.00"
863,2024120305009625,HRL,7,45,15,842.60,"12,639.00"
864,2024120305009620,HRL,7,4,11,842.60,"9,268.60"
865,2024120305009619,HRL,57,4,20,843.00,"16,860.00"
866,2024120305009603,HRL,8,42,11,843.30,"9,276.30"
867,2024120305009594,HRL,7,47,10,842.60,"8,426.00"
868,2024120305009592,HRL,7,38,20,842.60,"16,852.00"
869,2024120305009671,HRL,35,58,108,843.00,"91,044.00"
870,2024120305009670,HRL,35,58,10,843.00,"8,430.00"
871,2024120305009658,HRL,19,62,10,842.60,"8,426.00"
872,2024120305009641,HRL,19,51,10,842.60,"8,426.00"
873,2024120305009638,HRL,19,56,10,842.60,"8,426.00"
874,2024120305009626,HRL,19,45,16,842.60,"13,481.60"
875,2024120305009799,HRL,56,41,26,842.60,"21,907.60"
876,2024120305009771,HRL,19,45,20,842.60,"16,852.00"
877,2024120305009769,HRL,19,48,10,842.60,"8,426.00"
878,2024120305009766,HRL,19,47,10,842.60,"8,426.00"
879,2024120305009762,HRL,51,58,10,843.00,"8,430.00"
880,2024120305009698,HRL,19,57,10,842.60,"8,426.00"
881,2024120305009823,HRL,40,4,100,842.50,"84,250.00"
882,2024120305009822,HRL,35,4,209,842.50,"176,082.50"
883,2024120305009821,HRL,75,19,300,843.00,"252,900.00"
884,2024120305009815,HRL,42,58,190,843.00,"160,170.00"
885,2024120305009814,HRL,42,41,47,842.60,"39,602.20"
886,2024120305009800,HRL,56,41,25,842.60,"21,065.00"
887,2024120305009917,HRL,45,42,30,842.40,"25,272.00"
888,2024120305009889,HRL,45,58,10,842.40,"8,424.00"
889,2024120305009849,HRL,34,4,100,842.50,"84,250.00"
890,2024120305009833,HRL,10,4,30,842.50,"25,275.00"
891,2024120305009825,HRL,41,4,453,842.50,"381,652.50"
892,2024120305009824,HRL,26,4,20,842.50,"16,850.00"
893,2024120305009978,HRL,41,58,10,842.30,"8,423.00"
894,2024120305009975,HRL,45,58,10,842.30,"8,423.00"
895,2024120305009971,HRL,45,58,20,842.30,"16,846.00"
896,2024120305009970,HRL,45,32,20,842.30,"16,846.00"
897,2024120305009955,HRL,45,58,10,842.40,"8,424.00"
898,2024120305009922,HRL,46,4,10,842.50,"8,425.00"
899,2024120305010053,HRL,49,47,10,842.40,"8,424.00"
900,2024120305010040,HRL,49,41,18,842.40,"15,163.20"
901,2024120305010007,HRL,21,4,10,842.50,"8,425.00"
902,2024120305009999,HRL,41,41,10,842.30,"8,423.00"
903,2024120305009991,HRL,4,4,68,842.50,"57,290.00"
904,2024120305009990,HRL,4,49,10,842.40,"8,424.00"
905,2024120305010096,HRL,1,50,20,844.00,"16,880.00"
906,2024120305010072,HRL,90,58,86,843.00,"72,498.00"
907,2024120305010071,HRL,90,14,10,843.00,"8,430.00"
908,2024120305010066,HRL,41,47,28,842.30,"23,584.40"
909,2024120305010065,HRL,49,47,52,842.40,"43,804.80"
910,2024120305010054,HRL,49,8,20,842.40,"16,848.00"
911,2024120305010140,HRL,41,26,70,845.00,"59,150.00"
912,2024120305010133,HRL,41,74,10,844.00,"8,440.00"
913,2024120305010128,HRL,47,26,10,845.00,"8,450.00"
914,2024120305010122,HRL,41,38,10,844.00,"8,440.00"
915,2024120305010098,HRL,1,45,10,844.00,"8,440.00"
916,2024120305010097,HRL,1,14,120,844.00,"101,280.00"
917,2024120305010146,HRL,41,13,200,845.00,"169,000.00"
918,2024120305010145,HRL,41,34,20,845.00,"16,900.00"
919,2024120305010144,HRL,41,61,10,845.00,"8,450.00"
920,2024120305010143,HRL,41,51,10,845.00,"8,450.00"
921,2024120305010142,HRL,41,58,20,845.00,"16,900.00"
922,2024120305010141,HRL,41,16,490,845.00,"414,050.00"
923,2024120305010242,HRL,58,28,31,844.00,"26,164.00"
924,2024120305010237,HRL,58,21,10,844.00,"8,440.00"
925,2024120305010219,HRL,41,58,20,844.00,"16,880.00"
926,2024120305010166,HRL,41,21,10,844.00,"8,440.00"
927,2024120305010164,HRL,41,58,10,844.00,"8,440.00"
928,2024120305010163,HRL,41,63,10,844.00,"8,440.00"
929,2024120305010353,HRL,1,42,165,845.00,"139,425.00"
930,2024120305010352,HRL,1,21,41,845.00,"34,645.00"
931,2024120305010329,HRL,25,21,31,843.10,"26,136.10"
932,2024120305010275,HRL,58,96,10,844.00,"8,440.00"
933,2024120305010261,HRL,58,51,10,844.00,"8,440.00"
934,2024120305010243,HRL,58,44,31,844.00,"26,164.00"
935,2024120305010462,HRL,41,50,10,845.00,"8,450.00"
936,2024120305010444,HRL,67,75,20,844.00,"16,880.00"
937,2024120305010410,HRL,57,7,10,845.00,"8,450.00"
938,2024120305010405,HRL,67,34,10,844.00,"8,440.00"
939,2024120305010355,HRL,1,7,84,845.00,"70,980.00"
940,2024120305010354,HRL,1,16,10,845.00,"8,450.00"
941,2024120305010542,HRL,26,8,100,843.10,"84,310.00"
942,2024120305010541,HRL,25,8,69,843.10,"58,173.90"
943,2024120305010531,HRL,58,8,10,844.00,"8,440.00"
944,2024120305010513,HRL,40,8,90,844.00,"75,960.00"
945,2024120305010502,HRL,67,8,51,844.00,"43,044.00"
946,2024120305010490,HRL,67,58,20,844.00,"16,880.00"
947,2024120305010566,HRL,45,8,20,842.30,"16,846.00"
948,2024120305010547,HRL,22,8,100,843.00,"84,300.00"
949,2024120305010546,HRL,11,8,50,843.00,"42,150.00"
950,2024120305010545,HRL,35,8,80,843.00,"67,440.00"
951,2024120305010544,HRL,90,8,404,843.00,"340,572.00"
952,2024120305010543,HRL,46,8,10,843.10,"8,431.00"
953,2024120305010695,HRL,21,1,10,842.30,"8,423.00"
954,2024120305010657,HRL,21,38,10,842.30,"8,423.00"
955,2024120305010656,HRL,59,38,10,843.00,"8,430.00"
956,2024120305010613,HRL,45,8,20,842.30,"16,846.00"
957,2024120305010581,HRL,51,8,15,843.00,"12,645.00"
958,2024120305010580,HRL,45,58,10,842.30,"8,423.00"
959,2024120305010764,HRL,56,38,10,842.20,"8,422.00"
960,2024120305010746,HRL,49,58,20,842.30,"16,846.00"
961,2024120305010744,HRL,49,14,31,842.30,"26,111.30"
962,2024120305010708,HRL,49,58,10,842.30,"8,423.00"
963,2024120305010703,HRL,49,45,20,842.30,"16,846.00"
964,2024120305010696,HRL,49,1,10,842.30,"8,423.00"
965,2024120305010814,HRL,17,17,10,843.00,"8,430.00"
966,2024120305010813,HRL,17,32,10,843.00,"8,430.00"
967,2024120305010802,HRL,43,1,10,842.30,"8,423.00"
968,2024120305010801,HRL,43,63,10,842.30,"8,423.00"
969,2024120305010783,HRL,56,56,10,842.20,"8,422.00"
970,2024120305010766,HRL,56,41,20,842.20,"16,844.00"
971,2024120305010898,HRL,7,18,20,844.00,"16,880.00"
972,2024120305010897,HRL,7,58,10,844.00,"8,440.00"
973,2024120305010896,HRL,7,38,10,843.10,"8,431.00"
974,2024120305010895,HRL,7,55,110,843.10,"92,741.00"
975,2024120305010890,HRL,56,55,190,843.10,"160,189.00"
976,2024120305010873,HRL,56,38,10,843.10,"8,431.00"
977,2024120305010904,HRL,7,34,10,845.00,"8,450.00"
978,2024120305010903,HRL,7,58,10,845.00,"8,450.00"
979,2024120305010902,HRL,7,58,20,845.00,"16,900.00"
980,2024120305010901,HRL,7,39,10,845.00,"8,450.00"
981,2024120305010900,HRL,7,55,10,845.00,"8,450.00"
982,2024120305010899,HRL,7,21,31,844.00,"26,164.00"
983,2024120305011082,HRL,34,58,10,845.00,"8,450.00"
984,2024120305011068,HRL,34,45,10,845.00,"8,450.00"
985,2024120305011067,HRL,34,42,141,845.00,"119,145.00"
986,2024120305011063,HRL,17,32,20,843.00,"16,860.00"
987,2024120305011055,HRL,17,8,30,843.00,"25,290.00"
988,2024120305010905,HRL,7,42,159,845.00,"134,355.00"
989,2024120305011133,HRL,1,58,20,846.00,"16,920.00"
990,2024120305011131,HRL,34,16,10,845.00,"8,450.00"
991,2024120305011129,HRL,34,4,10,845.00,"8,450.00"
992,2024120305011116,HRL,34,58,10,845.00,"8,450.00"
993,2024120305011096,HRL,34,75,10,845.00,"8,450.00"
994,2024120305011095,HRL,34,50,20,845.00,"16,900.00"
995,2024120305011139,HRL,1,58,10,846.00,"8,460.00"
996,2024120305011138,HRL,1,1,100,846.00,"84,600.00"
997,2024120305011137,HRL,1,58,10,846.00,"8,460.00"
998,2024120305011136,HRL,1,49,10,846.00,"8,460.00"
999,2024120305011135,HRL,1,4,40,846.00,"33,840.00"
1000,2024120305011134,HRL,1,42,10,846.00,"8,460.00"
1001,2024120305005337,HRL,38,26,10,850.00,"8,500.00"
1002,2024120305005336,HRL,38,52,10,850.00,"8,500.00"
1003,2024120305005335,HRL,38,51,20,850.00,"17,000.00"
1004,2024120305005334,HRL,38,41,20,850.00,"17,000.00"
1005,2024120305005333,HRL,38,25,10,850.00,"8,500.00"
1006,2024120305005332,HRL,38,22,10,850.00,"8,500.00"
1007,2024120305000271,HRL,26,49,10,845.00,"8,450.00"
1008,2024120305000246,HRL,3,47,10,844.20,"8,442.00"
1009,2024120305000092,HRL,33,58,50,849.00,"42,450.00"
1010,2024120305000030,HRL,56,22,10,847.00,"8,470.00"
1011,2024120305000369,HRL,5,35,10,845.00,"8,450.00"
1012,2024120305000368,HRL,57,35,10,845.50,"8,455.00"
1013,2024120305000348,HRL,17,74,10,850.00,"8,500.00"
1014,2024120305000347,HRL,17,34,10,849.00,"8,490.00"
1015,2024120305000342,HRL,5,58,10,845.00,"8,450.00"
1016,2024120305000309,HRL,17,56,10,849.00,"8,490.00"
1017,2024120305000537,HRL,42,72,10,846.00,"8,460.00"
1018,2024120305000482,HRL,42,44,20,846.00,"16,920.00"
1019,2024120305000420,HRL,17,16,10,850.00,"8,500.00"
1020,2024120305000390,HRL,5,77,10,845.00,"8,450.00"
1021,2024120305000378,HRL,38,16,40,850.00,"34,000.00"
1022,2024120305000377,HRL,38,52,10,850.00,"8,500.00"
1023,2024120305000729,HRL,8,45,11,847.00,"9,317.00"
1024,2024120305000700,HRL,36,38,20,846.10,"16,922.00"
1025,2024120305000685,HRL,36,56,10,846.10,"8,461.00"
1026,2024120305000608,HRL,42,38,10,846.00,"8,460.00"
1027,2024120305000607,HRL,45,38,10,847.00,"8,470.00"
1028,2024120305000582,HRL,45,54,10,847.00,"8,470.00"
1029,2024120305000882,HRL,6,6,10,846.20,"8,462.00"
1030,2024120305000851,HRL,56,49,10,848.00,"8,480.00"
1031,2024120305000823,HRL,42,51,10,848.00,"8,480.00"
1032,2024120305000812,HRL,45,41,10,847.00,"8,470.00"
1033,2024120305000800,HRL,6,6,10,847.10,"8,471.00"
1034,2024120305000731,HRL,45,6,10,847.00,"8,470.00"
1035,2024120305000999,HRL,36,49,100,846.10,"84,610.00"
1036,2024120305000984,HRL,6,6,10,846.20,"8,462.00"
1037,2024120305000948,HRL,36,22,10,846.10,"8,461.00"
1038,2024120305000935,HRL,36,44,20,846.10,"16,922.00"
1039,2024120305000908,HRL,36,70,20,846.10,"16,922.00"
1040,2024120305000893,HRL,36,11,10,846.10,"8,461.00"
1041,2024120305001126,HRL,5,85,470,846.00,"397,620.00"
1042,2024120305001125,HRL,34,85,50,846.00,"42,300.00"
1043,2024120305001124,HRL,29,85,110,846.00,"93,060.00"
1044,2024120305001084,HRL,29,35,10,846.00,"8,460.00"
1045,2024120305001083,HRL,6,35,10,846.20,"8,462.00"
1046,2024120305001074,HRL,36,57,10,846.10,"8,461.00"
1047,2024120305001227,HRL,59,21,10,845.60,"8,456.00"
1048,2024120305001225,HRL,59,48,10,845.60,"8,456.00"
1049,2024120305001216,HRL,38,85,132,846.00,"111,672.00"
1050,2024120305001215,HRL,59,49,20,845.60,"16,912.00"
1051,2024120305001210,HRL,59,19,20,845.60,"16,912.00"
1052,2024120305001177,HRL,44,35,10,845.50,"8,455.00"
1053,2024120305001300,HRL,44,45,10,845.50,"8,455.00"
1054,2024120305001296,HRL,44,48,31,845.50,"26,210.50"
1055,2024120305001268,HRL,56,36,15,845.60,"12,684.00"
1056,2024120305001267,HRL,59,36,25,845.60,"21,140.00"
1057,2024120305001238,HRL,5,85,200,846.00,"169,200.00"
1058,2024120305001230,HRL,59,55,10,845.60,"8,456.00"
1059,2024120305001373,HRL,19,58,10,846.00,"8,460.00"
1060,2024120305001372,HRL,19,85,13,846.00,"10,998.00"
1061,2024120305001333,HRL,44,55,10,845.50,"8,455.00"
1062,2024120305001324,HRL,44,17,20,845.50,"16,910.00"
1063,2024120305001307,HRL,44,21,10,845.50,"8,455.00"
1064,2024120305001303,HRL,32,85,25,846.00,"21,150.00"
1065,2024120305001464,HRL,19,47,10,845.50,"8,455.00"
1066,2024120305001428,HRL,19,35,20,845.50,"16,910.00"
1067,2024120305001425,HRL,19,58,10,845.50,"8,455.00"
1068,2024120305001402,HRL,8,41,11,846.00,"9,306.00"
1069,2024120305001375,HRL,19,58,20,846.00,"16,920.00"
1070,2024120305001374,HRL,19,45,10,846.00,"8,460.00"
1071,2024120305001692,HRL,22,7,1,830.00,830.00
1072,2024120305001650,HRL,44,58,20,845.70,"16,914.00"
1073,2024120305001617,HRL,44,38,10,845.70,"8,457.00"
1074,2024120305001589,HRL,44,26,10,845.70,"8,457.00"
1075,2024120305001484,HRL,49,26,10,845.60,"8,456.00"
1076,2024120305001470,HRL,19,34,10,845.50,"8,455.00"
1077,2024120305001821,HRL,63,26,10,846.00,"8,460.00"
1078,2024120305001820,HRL,63,21,40,845.70,"33,828.00"
1079,2024120305001808,HRL,5,21,100,845.70,"84,570.00"
1080,2024120305001790,HRL,50,21,100,845.70,"84,570.00"
1081,2024120305001789,HRL,4,21,200,845.70,"169,140.00"
1082,2024120305001788,HRL,44,21,60,845.70,"50,742.00"
1083,2024120305001827,HRL,63,16,112,848.00,"94,976.00"
1084,2024120305001826,HRL,63,35,10,848.00,"8,480.00"
1085,2024120305001825,HRL,63,59,50,847.00,"42,350.00"
1086,2024120305001824,HRL,63,6,72,847.00,"60,984.00"
1087,2024120305001823,HRL,63,58,130,846.00,"109,980.00"
1088,2024120305001822,HRL,63,34,31,846.00,"26,226.00"
1089,2024120305001833,HRL,63,62,65,849.00,"55,185.00"
1090,2024120305001832,HRL,63,56,10,849.00,"8,490.00"
1091,2024120305001831,HRL,63,58,10,849.00,"8,490.00"
1092,2024120305001830,HRL,63,58,20,849.00,"16,980.00"
1093,2024120305001829,HRL,63,46,10,848.00,"8,480.00"
1094,2024120305001828,HRL,63,14,10,848.00,"8,480.00"
1095,2024120305001936,HRL,63,42,10,848.00,"8,480.00"
1096,2024120305001903,HRL,58,57,10,846.00,"8,460.00"
1097,2024120305001884,HRL,58,13,10,846.00,"8,460.00"
1098,2024120305001845,HRL,58,52,20,846.00,"16,920.00"
1099,2024120305001836,HRL,58,52,10,846.00,"8,460.00"
1100,2024120305001834,HRL,58,57,20,846.00,"16,920.00"
1101,2024120305001942,HRL,63,38,40,850.00,"34,000.00"
1102,2024120305001941,HRL,63,34,20,850.00,"17,000.00"
1103,2024120305001940,HRL,63,16,950,850.00,"807,500.00"
1104,2024120305001939,HRL,63,49,399,849.00,"338,751.00"
1105,2024120305001938,HRL,63,62,935,849.00,"793,815.00"
1106,2024120305001937,HRL,63,90,210,848.00,"178,080.00"
1107,2024120305001948,HRL,63,58,20,850.00,"17,000.00"
1108,2024120305001947,HRL,63,43,10,850.00,"8,500.00"
1109,2024120305001946,HRL,63,40,10,850.00,"8,500.00"
1110,2024120305001945,HRL,63,58,10,850.00,"8,500.00"
1111,2024120305001944,HRL,63,19,10,850.00,"8,500.00"
1112,2024120305001943,HRL,63,53,100,850.00,"85,000.00"
1113,2024120305001954,HRL,63,34,10,850.00,"8,500.00"
1114,2024120305001953,HRL,63,52,10,850.00,"8,500.00"
1115,2024120305001952,HRL,63,13,200,850.00,"170,000.00"
1116,2024120305001951,HRL,63,16,"1,000",850.00,"850,000.00"
1117,2024120305001950,HRL,63,22,10,850.00,"8,500.00"
1118,2024120305001949,HRL,63,49,10,850.00,"8,500.00"
1119,2024120305001960,HRL,63,49,641,850.00,"544,850.00"
1120,2024120305001959,HRL,63,42,10,850.00,"8,500.00"
1121,2024120305001958,HRL,63,57,20,850.00,"17,000.00"
1122,2024120305001957,HRL,63,42,20,850.00,"17,000.00"
1123,2024120305001956,HRL,63,46,10,850.00,"8,500.00"
1124,2024120305001955,HRL,63,58,20,850.00,"17,000.00"
1125,2024120305002008,HRL,57,4,10,847.00,"8,470.00"
1126,2024120305001993,HRL,57,34,10,846.30,"8,463.00"
1127,2024120305001978,HRL,21,29,10,846.20,"8,462.00"
1128,2024120305001963,HRL,63,25,95,850.00,"80,750.00"
1129,2024120305001962,HRL,63,58,20,850.00,"17,000.00"
1130,2024120305001961,HRL,63,26,100,850.00,"85,000.00"
1131,2024120305002047,HRL,58,35,10,850.00,"8,500.00"
1132,2024120305002046,HRL,58,49,20,850.00,"17,000.00"
1133,2024120305002045,HRL,58,10,20,850.00,"17,000.00"
1134,2024120305002044,HRL,58,43,20,850.00,"17,000.00"
1135,2024120305002043,HRL,58,25,205,850.00,"174,250.00"
1136,2024120305002011,HRL,57,58,20,847.00,"16,940.00"
1137,2024120305002076,HRL,58,41,20,850.00,"17,000.00"
1138,2024120305002054,HRL,58,29,20,850.00,"17,000.00"
1139,2024120305002051,HRL,58,4,10,850.00,"8,500.00"
1140,2024120305002050,HRL,58,42,20,850.00,"17,000.00"
1141,2024120305002049,HRL,58,4,10,850.00,"8,500.00"
1142,2024120305002048,HRL,58,58,10,850.00,"8,500.00"
1143,2024120305002238,HRL,40,48,10,848.50,"8,485.00"
1144,2024120305002218,HRL,40,50,10,848.50,"8,485.00"
1145,2024120305002192,HRL,58,34,10,850.00,"8,500.00"
1146,2024120305002176,HRL,58,57,20,850.00,"17,000.00"
1147,2024120305002173,HRL,58,58,20,850.00,"17,000.00"
1148,2024120305002150,HRL,58,35,11,850.00,"9,350.00"
1149,2024120305002341,HRL,81,50,10,849.00,"8,490.00"
1150,2024120305002336,HRL,81,45,20,849.00,"16,980.00"
1151,2024120305002324,HRL,81,21,20,849.00,"16,980.00"
1152,2024120305002269,HRL,40,35,20,848.50,"16,970.00"
1153,2024120305002267,HRL,40,70,10,848.50,"8,485.00"
1154,2024120305002250,HRL,40,58,10,848.50,"8,485.00"
1155,2024120305002455,HRL,6,48,200,849.10,"169,820.00"
1156,2024120305002391,HRL,38,45,220,850.00,"187,000.00"
1157,2024120305002390,HRL,38,49,10,850.00,"8,500.00"
1158,2024120305002389,HRL,38,32,301,850.00,"255,850.00"
1159,2024120305002388,HRL,38,16,"1,000",850.00,"850,000.00"
1160,2024120305002387,HRL,38,90,150,850.00,"127,500.00"
1161,2024120305002602,HRL,58,13,10,850.00,"8,500.00"
1162,2024120305002462,HRL,51,13,10,850.00,"8,500.00"
1163,2024120305002461,HRL,51,42,20,850.00,"17,000.00"
1164,2024120305002460,HRL,51,58,20,850.00,"17,000.00"
1165,2024120305002457,HRL,58,48,290,849.00,"246,210.00"
1166,2024120305002456,HRL,49,48,10,849.00,"8,490.00"
1167,2024120305002633,HRL,58,34,31,851.00,"26,381.00"
1168,2024120305002632,HRL,58,32,10,851.00,"8,510.00"
1169,2024120305002606,HRL,58,49,20,850.00,"17,000.00"
1170,2024120305002605,HRL,58,94,100,850.00,"85,000.00"
1171,2024120305002604,HRL,58,35,10,850.00,"8,500.00"
1172,2024120305002603,HRL,58,19,20,850.00,"17,000.00"
1173,2024120305002646,HRL,58,41,10,850.00,"8,500.00"
1174,2024120305002638,HRL,58,62,69,850.00,"58,650.00"
1175,2024120305002637,HRL,58,4,10,850.00,"8,500.00"
1176,2024120305002636,HRL,58,42,19,852.00,"16,188.00"
1177,2024120305002635,HRL,58,22,20,851.00,"17,020.00"
1178,2024120305002634,HRL,58,19,20,851.00,"17,020.00"
1179,2024120305002684,HRL,39,45,30,851.00,"25,530.00"
1180,2024120305002679,HRL,57,58,10,850.00,"8,500.00"
1181,2024120305002675,HRL,57,21,10,850.00,"8,500.00"
1182,2024120305002670,HRL,57,50,10,850.00,"8,500.00"
1183,2024120305002661,HRL,58,58,10,850.00,"8,500.00"
1184,2024120305002648,HRL,58,45,41,850.00,"34,850.00"
1185,2024120305002749,HRL,6,21,100,850.20,"85,020.00"
1186,2024120305002721,HRL,39,19,10,850.10,"8,501.00"
1187,2024120305002695,HRL,57,50,10,850.00,"8,500.00"
1188,2024120305002693,HRL,57,57,10,850.00,"8,500.00"
1189,2024120305002691,HRL,57,57,10,850.00,"8,500.00"
1190,2024120305002685,HRL,39,42,11,852.00,"9,372.00"
1191,2024120305002830,HRL,57,22,400,851.00,"340,400.00"
1192,2024120305002811,HRL,57,58,41,851.00,"34,891.00"
1193,2024120305002808,HRL,57,57,20,851.00,"17,020.00"
1194,2024120305002778,HRL,57,35,20,850.20,"17,004.00"
1195,2024120305002765,HRL,6,56,15,850.20,"12,753.00"
1196,2024120305002764,HRL,6,22,85,850.20,"72,267.00"
1197,2024120305002951,HRL,32,35,20,851.00,"17,020.00"
1198,2024120305002941,HRL,32,49,50,851.00,"42,550.00"
1199,2024120305002940,HRL,32,89,10,851.00,"8,510.00"
1200,2024120305002939,HRL,32,58,10,851.00,"8,510.00"
1201,2024120305002895,HRL,44,11,10,850.30,"8,503.00"
1202,2024120305002862,HRL,57,17,11,851.00,"9,361.00"
1203,2024120305003025,HRL,38,48,31,851.00,"26,381.00"
1204,2024120305002991,HRL,38,57,31,851.00,"26,381.00"
1205,2024120305002974,HRL,38,19,10,851.00,"8,510.00"
1206,2024120305002972,HRL,38,26,10,851.00,"8,510.00"
1207,2024120305002971,HRL,38,42,10,851.00,"8,510.00"
1208,2024120305002970,HRL,32,42,10,851.00,"8,510.00"
1209,2024120305003111,HRL,57,35,31,850.00,"26,350.00"
1210,2024120305003064,HRL,57,7,10,850.00,"8,500.00"
1211,2024120305003052,HRL,57,65,275,850.00,"233,750.00"
1212,2024120305003051,HRL,41,65,200,850.20,"170,040.00"
1213,2024120305003050,HRL,44,65,190,850.30,"161,557.00"
1214,2024120305003049,HRL,39,65,80,850.60,"68,048.00"
1215,2024120305003135,HRL,38,38,10,852.00,"8,520.00"
1216,2024120305003134,HRL,38,58,20,852.00,"17,040.00"
1217,2024120305003133,HRL,38,58,20,851.90,"17,038.00"
1218,2024120305003132,HRL,38,45,10,851.90,"8,519.00"
1219,2024120305003117,HRL,57,58,10,850.00,"8,500.00"
1220,2024120305003116,HRL,57,7,10,850.00,"8,500.00"
1221,2024120305003145,HRL,63,51,30,852.00,"25,560.00"
1222,2024120305003144,HRL,63,58,20,852.00,"17,040.00"
1223,2024120305003139,HRL,38,21,10,852.00,"8,520.00"
1224,2024120305003138,HRL,38,45,10,852.00,"8,520.00"
1225,2024120305003137,HRL,38,34,10,852.00,"8,520.00"
1226,2024120305003136,HRL,38,42,10,852.00,"8,520.00"
1227,2024120305003151,HRL,63,57,20,852.00,"17,040.00"
1228,2024120305003150,HRL,63,6,25,852.00,"21,300.00"
1229,2024120305003149,HRL,63,38,10,852.00,"8,520.00"
1230,2024120305003148,HRL,63,16,"1,000",852.00,"852,000.00"
1231,2024120305003147,HRL,63,22,20,852.00,"17,040.00"
1232,2024120305003146,HRL,63,6,51,852.00,"43,452.00"
1233,2024120305003203,HRL,58,25,10,850.00,"8,500.00"
1234,2024120305003180,HRL,58,7,10,850.00,"8,500.00"
1235,2024120305003168,HRL,58,18,20,850.00,"17,000.00"
1236,2024120305003164,HRL,57,35,100,850.00,"85,000.00"
1237,2024120305003163,HRL,63,35,50,852.00,"42,600.00"
1238,2024120305003157,HRL,63,90,50,852.00,"42,600.00"
1239,2024120305003333,HRL,44,14,11,850.00,"9,350.00"
1240,2024120305003294,HRL,63,35,20,849.10,"16,982.00"
1241,2024120305003273,HRL,51,58,10,849.10,"8,491.00"
1242,2024120305003238,HRL,51,41,31,849.10,"26,322.10"
1243,2024120305003216,HRL,58,14,20,850.00,"17,000.00"
1244,2024120305003204,HRL,58,32,6,850.00,"5,100.00"
1245,2024120305003455,HRL,32,77,30,849.00,"25,470.00"
1246,2024120305003454,HRL,63,77,789,849.10,"669,939.90"
1247,2024120305003438,HRL,63,46,10,849.10,"8,491.00"
1248,2024120305003404,HRL,63,22,20,849.10,"16,982.00"
1249,2024120305003371,HRL,63,81,41,849.10,"34,813.10"
1250,2024120305003361,HRL,63,52,20,849.10,"16,982.00"
1251,2024120305003569,HRL,38,59,10,849.10,"8,491.00"
1252,2024120305003542,HRL,38,47,10,849.10,"8,491.00"
1253,2024120305003520,HRL,38,6,10,849.10,"8,491.00"
1254,2024120305003513,HRL,38,52,20,849.10,"16,982.00"
1255,2024120305003489,HRL,38,47,10,849.10,"8,491.00"
1256,2024120305003456,HRL,36,77,63,849.00,"53,487.00"
1257,2024120305003605,HRL,28,6,40,850.00,"34,000.00"
1258,2024120305003604,HRL,28,58,10,850.00,"8,500.00"
1259,2024120305003603,HRL,28,58,10,850.00,"8,500.00"
1260,2024120305003602,HRL,28,42,20,850.00,"17,000.00"
1261,2024120305003601,HRL,28,46,10,850.00,"8,500.00"
1262,2024120305003600,HRL,28,52,10,850.00,"8,500.00"
1263,2024120305003634,HRL,44,57,20,849.10,"16,982.00"
1264,2024120305003632,HRL,38,57,31,849.10,"26,322.10"
1265,2024120305003609,HRL,28,28,20,850.00,"17,000.00"
1266,2024120305003608,HRL,28,58,20,850.00,"17,000.00"
1267,2024120305003607,HRL,28,45,10,850.00,"8,500.00"
1268,2024120305003606,HRL,28,89,10,850.00,"8,500.00"
1269,2024120305003784,HRL,36,38,10,849.00,"8,490.00"
1270,2024120305003726,HRL,44,54,21,849.10,"17,831.10"
1271,2024120305003675,HRL,44,7,20,849.10,"16,982.00"
1272,2024120305003670,HRL,6,57,10,850.00,"8,500.00"
1273,2024120305003659,HRL,44,52,20,849.10,"16,982.00"
1274,2024120305003637,HRL,44,47,10,849.10,"8,491.00"
1275,2024120305004061,HRL,38,94,10,849.50,"8,495.00"
1276,2024120305003990,HRL,38,57,31,849.50,"26,334.50"
1277,2024120305003919,HRL,63,58,31,849.10,"26,322.10"
1278,2024120305003905,HRL,63,58,10,849.10,"8,491.00"
1279,2024120305003869,HRL,44,6,10,849.10,"8,491.00"
1280,2024120305003831,HRL,36,28,20,849.00,"16,980.00"
1281,2024120305004204,HRL,63,29,31,849.10,"26,322.10"
1282,2024120305004195,HRL,38,58,10,849.50,"8,495.00"
1283,2024120305004151,HRL,63,36,20,849.10,"16,982.00"
1284,2024120305004105,HRL,38,17,10,849.50,"8,495.00"
1285,2024120305004086,HRL,38,17,10,849.50,"8,495.00"
1286,2024120305004070,HRL,38,17,20,849.50,"16,990.00"
1287,2024120305004451,HRL,57,95,100,849.20,"84,920.00"
1288,2024120305004425,HRL,63,7,10,849.10,"8,491.00"
1289,2024120305004421,HRL,63,16,10,849.10,"8,491.00"
1290,2024120305004276,HRL,63,4,10,849.10,"8,491.00"
1291,2024120305004256,HRL,63,17,10,849.10,"8,491.00"
1292,2024120305004254,HRL,63,46,10,849.10,"8,491.00"
1293,2024120305004543,HRL,36,56,10,849.00,"8,490.00"
1294,2024120305004502,HRL,36,7,10,849.00,"8,490.00"
1295,2024120305004496,HRL,36,67,20,849.00,"16,980.00"
1296,2024120305004480,HRL,36,45,"1,262",849.00,"1,071,438.00"
1297,2024120305004479,HRL,63,45,738,849.10,"626,635.80"
1298,2024120305004464,HRL,63,3,20,849.10,"16,982.00"
1299,2024120305004646,HRL,1,10,420,849.50,"356,790.00"
1300,2024120305004642,HRL,1,7,10,849.50,"8,495.00"
1301,2024120305004607,HRL,1,38,20,849.50,"16,990.00"
1302,2024120305004593,HRL,1,21,10,849.50,"8,495.00"
1303,2024120305004578,HRL,1,8,30,849.50,"25,485.00"
1304,2024120305004570,HRL,1,58,10,849.30,"8,493.00"
1305,2024120305004688,HRL,45,59,260,849.00,"220,740.00"
1306,2024120305004687,HRL,42,59,100,849.00,"84,900.00"
1307,2024120305004686,HRL,52,59,"1,000",849.00,"849,000.00"
1308,2024120305004685,HRL,36,59,74,849.00,"62,826.00"
1309,2024120305004680,HRL,36,67,531,849.00,"450,819.00"
1310,2024120305004647,HRL,58,10,500,849.50,"424,750.00"
1311,2024120305004725,HRL,40,25,31,848.50,"26,303.50"
1312,2024120305004724,HRL,40,6,20,848.50,"16,970.00"
1313,2024120305004712,HRL,40,7,10,848.50,"8,485.00"
1314,2024120305004706,HRL,40,38,10,848.50,"8,485.00"
1315,2024120305004695,HRL,40,53,31,848.50,"26,303.50"
1316,2024120305004689,HRL,8,59,10,849.00,"8,490.00"
1317,2024120305004731,HRL,63,36,10,850.00,"8,500.00"
1318,2024120305004730,HRL,63,57,30,850.00,"25,500.00"
1319,2024120305004729,HRL,63,21,500,850.00,"425,000.00"
1320,2024120305004728,HRL,63,11,10,850.00,"8,500.00"
1321,2024120305004727,HRL,63,10,80,849.50,"67,960.00"
1322,2024120305004726,HRL,63,59,"1,556",849.00,"1,321,044.00"
1323,2024120305004737,HRL,63,6,10,850.00,"8,500.00"
1324,2024120305004736,HRL,63,49,10,850.00,"8,500.00"
1325,2024120305004735,HRL,63,22,20,850.00,"17,000.00"
1326,2024120305004734,HRL,63,38,10,850.00,"8,500.00"
1327,2024120305004733,HRL,63,38,20,850.00,"17,000.00"
1328,2024120305004732,HRL,63,45,10,850.00,"8,500.00"
1329,2024120305004743,HRL,63,56,10,850.00,"8,500.00"
1330,2024120305004742,HRL,63,90,50,850.00,"42,500.00"
1331,2024120305004741,HRL,63,42,10,850.00,"8,500.00"
1332,2024120305004740,HRL,63,11,10,850.00,"8,500.00"
1333,2024120305004739,HRL,63,58,31,850.00,"26,350.00"
1334,2024120305004738,HRL,63,56,10,850.00,"8,500.00"
1335,2024120305004842,HRL,40,58,50,848.50,"42,425.00"
1336,2024120305004819,HRL,40,33,10,848.50,"8,485.00"
1337,2024120305004807,HRL,40,56,20,848.50,"16,970.00"
1338,2024120305004799,HRL,40,7,10,848.50,"8,485.00"
1339,2024120305004760,HRL,40,7,10,848.50,"8,485.00"
1340,2024120305004744,HRL,63,42,10,850.00,"8,500.00"
1341,2024120305004970,HRL,40,56,20,848.50,"16,970.00"
1342,2024120305004950,HRL,57,57,1,831.60,831.60
1343,2024120305004946,HRL,40,6,10,848.50,"8,485.00"
1344,2024120305004921,HRL,40,56,10,848.50,"8,485.00"
1345,2024120305004885,HRL,40,56,20,848.50,"16,970.00"
1346,2024120305004874,HRL,40,21,31,848.50,"26,303.50"
1347,2024120305004998,HRL,39,58,10,848.00,"8,480.00"
1348,2024120305004993,HRL,46,38,10,848.00,"8,480.00"
1349,2024120305004991,HRL,58,65,100,848.00,"84,800.00"
1350,2024120305004987,HRL,58,70,10,848.00,"8,480.00"
1351,2024120305004984,HRL,40,57,30,848.50,"25,455.00"
1352,2024120305004973,HRL,40,42,10,848.50,"8,485.00"
1353,2024120305005139,HRL,39,34,20,848.10,"16,962.00"
1354,2024120305005125,HRL,39,14,20,848.10,"16,962.00"
1355,2024120305005095,HRL,39,58,10,848.00,"8,480.00"
1356,2024120305005092,HRL,39,17,20,848.00,"16,960.00"
1357,2024120305005091,HRL,39,58,10,848.00,"8,480.00"
1358,2024120305005026,HRL,39,7,20,848.00,"16,960.00"
1359,2024120305005206,HRL,39,45,100,848.00,"84,800.00"
1360,2024120305005196,HRL,42,41,200,848.10,"169,620.00"
1361,2024120305005186,HRL,56,49,1,848.00,848.00
1362,2024120305005180,HRL,39,45,200,848.10,"169,620.00"
1363,2024120305005162,HRL,39,28,20,848.10,"16,962.00"
1364,2024120305005150,HRL,39,48,31,848.10,"26,291.10"
1365,2024120305005273,HRL,42,58,10,848.20,"8,482.00"
1366,2024120305005272,HRL,42,57,10,848.10,"8,481.00"
1367,2024120305005270,HRL,38,57,160,848.00,"135,680.00"
1368,2024120305005269,HRL,39,57,40,848.00,"33,920.00"
1369,2024120305005247,HRL,34,57,150,848.10,"127,215.00"
1370,2024120305005234,HRL,39,16,20,848.00,"16,960.00"
1371,2024120305005290,HRL,42,38,18,849.00,"15,282.00"
1372,2024120305005278,HRL,42,8,10,849.00,"8,490.00"
1373,2024120305005277,HRL,42,35,12,849.00,"10,188.00"
1374,2024120305005276,HRL,42,54,20,849.00,"16,980.00"
1375,2024120305005275,HRL,42,44,10,849.00,"8,490.00"
1376,2024120305005274,HRL,42,57,10,849.00,"8,490.00"
1377,2024120305005331,HRL,38,59,10,850.00,"8,500.00"
1378,2024120305005330,HRL,38,35,10,850.00,"8,500.00"
1379,2024120305005329,HRL,38,95,25,850.00,"21,250.00"
1380,2024120305005303,HRL,38,40,20,848.00,"16,960.00"
1381,2024120305005292,HRL,38,38,782,848.00,"663,136.00"
1382,2024120305005291,HRL,42,38,100,849.00,"84,900.00"
1,2024120405016292,HRL,8,85,453,841.00,"380,973.00"
2,2024120405016291,HRL,40,85,100,841.00,"84,100.00"
3,2024120405016290,HRL,22,85,100,841.00,"84,100.00"
4,2024120405016289,HRL,4,85,50,842.00,"42,100.00"
5,2024120405016288,HRL,1,85,200,842.00,"168,400.00"
6,2024120405016287,HRL,42,85,50,842.00,"42,100.00"
7,2024120405009568,HRL,70,56,10,851.00,"8,510.00"
8,2024120405009543,HRL,49,35,20,852.00,"17,040.00"
9,2024120405009689,HRL,22,43,29,850.10,"24,652.90"
10,2024120405009671,HRL,22,80,10,850.10,"8,501.00"
11,2024120405009668,HRL,22,7,41,850.10,"34,854.10"
12,2024120405009617,HRL,22,8,20,850.10,"17,002.00"
13,2024120405009592,HRL,48,35,10,852.00,"8,520.00"
14,2024120405009587,HRL,70,17,10,851.00,"8,510.00"
15,2024120405009760,HRL,45,35,22,852.00,"18,744.00"
16,2024120405009751,HRL,60,57,20,850.10,"17,002.00"
17,2024120405009737,HRL,38,35,30,852.00,"25,560.00"
18,2024120405009735,HRL,60,8,10,850.10,"8,501.00"
19,2024120405009703,HRL,51,35,20,852.00,"17,040.00"
20,2024120405009690,HRL,60,43,471,850.10,"400,397.10"
21,2024120405009776,HRL,45,96,178,852.00,"151,656.00"
22,2024120405009774,HRL,45,57,10,852.00,"8,520.00"
23,2024120405009773,HRL,48,45,10,853.00,"8,530.00"
24,2024120405009763,HRL,45,42,20,852.00,"17,040.00"
25,2024120405009762,HRL,45,38,10,852.00,"8,520.00"
26,2024120405009761,HRL,45,7,20,852.00,"17,040.00"
27,2024120405010170,HRL,60,6,20,850.10,"17,002.00"
28,2024120405009950,HRL,68,96,300,852.00,"255,600.00"
29,2024120405009853,HRL,48,96,10,852.00,"8,520.00"
30,2024120405009852,HRL,48,7,20,851.00,"17,020.00"
31,2024120405009841,HRL,60,51,20,850.10,"17,002.00"
32,2024120405009777,HRL,48,96,500,852.00,"426,000.00"
33,2024120405010339,HRL,45,85,100,850.10,"85,010.00"
34,2024120405010338,HRL,60,85,439,850.10,"373,193.90"
35,2024120405010240,HRL,48,45,10,853.00,"8,530.00"
36,2024120405010229,HRL,33,45,100,853.00,"85,300.00"
37,2024120405010210,HRL,60,4,20,850.10,"17,002.00"
38,2024120405010203,HRL,48,96,12,852.00,"10,224.00"
39,2024120405010345,HRL,58,85,20,850.00,"17,000.00"
40,2024120405010344,HRL,59,85,500,850.00,"425,000.00"
41,2024120405010343,HRL,97,85,30,850.00,"25,500.00"
42,2024120405010342,HRL,58,85,30,850.00,"25,500.00"
43,2024120405010341,HRL,42,85,100,850.00,"85,000.00"
44,2024120405010340,HRL,55,85,35,850.00,"29,750.00"
45,2024120405010603,HRL,86,6,10,851.00,"8,510.00"
46,2024120405010548,HRL,58,8,10,850.00,"8,500.00"
47,2024120405010529,HRL,48,45,10,852.00,"8,520.00"
48,2024120405010504,HRL,58,8,20,850.00,"17,000.00"
49,2024120405010375,HRL,48,7,10,852.90,"8,529.00"
50,2024120405010374,HRL,48,34,10,852.00,"8,520.00"
51,2024120405010652,HRL,60,34,100,852.00,"85,200.00"
52,2024120405010651,HRL,60,45,41,852.00,"34,932.00"
53,2024120405010644,HRL,86,44,10,851.00,"8,510.00"
54,2024120405010627,HRL,86,8,10,851.00,"8,510.00"
55,2024120405010620,HRL,86,50,10,851.00,"8,510.00"
56,2024120405010616,HRL,86,58,10,851.00,"8,510.00"
57,2024120405010673,HRL,86,3,20,851.00,"17,020.00"
58,2024120405010657,HRL,86,16,10,851.00,"8,510.00"
59,2024120405010656,HRL,60,45,214,853.00,"182,542.00"
60,2024120405010655,HRL,60,85,446,852.90,"380,393.40"
61,2024120405010654,HRL,60,45,10,852.00,"8,520.00"
62,2024120405010653,HRL,60,57,31,852.00,"26,412.00"
63,2024120405010746,HRL,44,49,20,852.00,"17,040.00"
64,2024120405010739,HRL,44,38,10,852.00,"8,520.00"
65,2024120405010733,HRL,44,19,200,852.00,"170,400.00"
66,2024120405010721,HRL,48,45,10,853.00,"8,530.00"
67,2024120405010709,HRL,44,55,213,851.00,"181,263.00"
68,2024120405010703,HRL,86,55,420,851.00,"357,420.00"
69,2024120405010827,HRL,60,52,10,852.10,"8,521.00"
70,2024120405010826,HRL,38,44,14,853.00,"11,942.00"
71,2024120405010825,HRL,38,45,46,853.00,"39,238.00"
72,2024120405010758,HRL,58,45,100,853.00,"85,300.00"
73,2024120405010756,HRL,44,47,10,852.00,"8,520.00"
74,2024120405010755,HRL,48,45,10,853.00,"8,530.00"
75,2024120405010922,HRL,60,35,50,852.10,"42,605.00"
76,2024120405010904,HRL,60,16,10,852.10,"8,521.00"
77,2024120405010879,HRL,56,55,50,853.00,"42,650.00"
78,2024120405010874,HRL,60,51,20,852.10,"17,042.00"
79,2024120405010869,HRL,52,55,55,853.00,"46,915.00"
80,2024120405010853,HRL,32,34,10,853.90,"8,539.00"
81,2024120405010933,HRL,77,35,10,854.00,"8,540.00"
82,2024120405010932,HRL,77,35,10,854.00,"8,540.00"
83,2024120405010931,HRL,77,35,10,854.00,"8,540.00"
84,2024120405010930,HRL,77,58,10,854.00,"8,540.00"
85,2024120405010929,HRL,77,45,20,854.00,"17,080.00"
86,2024120405010928,HRL,77,55,395,853.00,"336,935.00"
87,2024120405010941,HRL,44,75,500,854.90,"427,450.00"
88,2024120405010940,HRL,44,47,496,854.80,"423,980.80"
89,2024120405010939,HRL,44,58,20,854.80,"17,096.00"
90,2024120405010938,HRL,44,36,10,854.60,"8,546.00"
91,2024120405010935,HRL,77,3,10,854.00,"8,540.00"
92,2024120405010934,HRL,77,65,10,854.00,"8,540.00"
93,2024120405010947,HRL,44,58,10,855.00,"8,550.00"
94,2024120405010946,HRL,44,59,150,855.00,"128,250.00"
95,2024120405010945,HRL,44,57,10,855.00,"8,550.00"
96,2024120405010944,HRL,44,19,10,855.00,"8,550.00"
97,2024120405010943,HRL,44,90,32,855.00,"27,360.00"
98,2024120405010942,HRL,44,6,100,854.90,"85,490.00"
99,2024120405010953,HRL,44,49,10,855.00,"8,550.00"
100,2024120405010952,HRL,44,42,104,855.00,"88,920.00"
101,2024120405010951,HRL,44,6,10,855.00,"8,550.00"
102,2024120405010950,HRL,44,44,10,855.00,"8,550.00"
103,2024120405010949,HRL,44,6,30,855.00,"25,650.00"
104,2024120405010948,HRL,44,49,10,855.00,"8,550.00"
105,2024120405010959,HRL,44,80,241,855.00,"206,055.00"
106,2024120405010958,HRL,44,68,20,855.00,"17,100.00"
107,2024120405010957,HRL,44,38,20,855.00,"17,100.00"
108,2024120405010956,HRL,44,7,10,855.00,"8,550.00"
109,2024120405010955,HRL,44,42,187,855.00,"159,885.00"
110,2024120405010954,HRL,44,74,10,855.00,"8,550.00"
111,2024120405010975,HRL,44,14,20,855.00,"17,100.00"
112,2024120405010974,HRL,44,68,20,855.00,"17,100.00"
113,2024120405010973,HRL,44,26,101,855.00,"86,355.00"
114,2024120405010972,HRL,44,68,20,855.00,"17,100.00"
115,2024120405010970,HRL,77,57,15,854.00,"12,810.00"
116,2024120405010965,HRL,77,34,10,854.00,"8,540.00"
117,2024120405010981,HRL,44,16,10,855.00,"8,550.00"
118,2024120405010980,HRL,44,17,10,855.00,"8,550.00"
119,2024120405010979,HRL,44,21,10,855.00,"8,550.00"
120,2024120405010978,HRL,44,34,20,855.00,"17,100.00"
121,2024120405010977,HRL,44,1,50,855.00,"42,750.00"
122,2024120405010976,HRL,44,68,20,855.00,"17,100.00"
123,2024120405010987,HRL,44,21,10,855.00,"8,550.00"
124,2024120405010986,HRL,44,57,10,855.00,"8,550.00"
125,2024120405010985,HRL,44,65,50,855.00,"42,750.00"
126,2024120405010984,HRL,44,34,100,855.00,"85,500.00"
127,2024120405010983,HRL,44,34,11,855.00,"9,405.00"
128,2024120405010982,HRL,44,21,10,855.00,"8,550.00"
129,2024120405010993,HRL,44,19,10,855.00,"8,550.00"
130,2024120405010992,HRL,44,6,500,855.00,"427,500.00"
131,2024120405010991,HRL,44,57,150,855.00,"128,250.00"
132,2024120405010990,HRL,44,49,10,855.00,"8,550.00"
133,2024120405010989,HRL,44,49,10,855.00,"8,550.00"
134,2024120405010988,HRL,44,17,10,855.00,"8,550.00"
135,2024120405011078,HRL,86,58,10,853.00,"8,530.00"
136,2024120405011057,HRL,86,4,10,853.00,"8,530.00"
137,2024120405011047,HRL,48,49,10,854.00,"8,540.00"
138,2024120405011027,HRL,86,34,10,853.00,"8,530.00"
139,2024120405010995,HRL,44,51,588,855.00,"502,740.00"
140,2024120405010994,HRL,44,21,250,855.00,"213,750.00"
141,2024120405011330,HRL,38,60,200,852.30,"170,460.00"
142,2024120405011329,HRL,60,60,270,852.40,"230,148.00"
143,2024120405011328,HRL,86,60,460,853.00,"392,380.00"
144,2024120405011314,HRL,86,35,10,853.00,"8,530.00"
145,2024120405011105,HRL,25,51,300,855.00,"256,500.00"
146,2024120405011103,HRL,60,51,100,855.00,"85,500.00"
147,2024120405011453,HRL,60,85,"8,910",852.10,"7,592,211.00"
148,2024120405011452,HRL,57,85,70,852.20,"59,654.00"
149,2024120405011416,HRL,25,62,100,853.00,"85,300.00"
150,2024120405011412,HRL,57,16,10,852.20,"8,522.00"
151,2024120405011332,HRL,57,60,20,852.20,"17,044.00"
152,2024120405011331,HRL,5,60,50,852.20,"42,610.00"
153,2024120405011751,HRL,58,14,1,835.00,835.00
154,2024120405011742,HRL,52,32,14,852.00,"11,928.00"
155,2024120405011741,HRL,44,32,17,852.00,"14,484.00"
156,2024120405011650,HRL,44,49,10,852.00,"8,520.00"
157,2024120405011485,HRL,44,28,20,852.00,"17,040.00"
158,2024120405011454,HRL,58,85,20,852.10,"17,042.00"
159,2024120405011879,HRL,44,38,10,850.10,"8,501.00"
160,2024120405011838,HRL,44,36,300,850.10,"255,030.00"
161,2024120405011833,HRL,44,25,150,850.10,"127,515.00"
162,2024120405011790,HRL,44,49,10,850.10,"8,501.00"
163,2024120405011777,HRL,44,36,10,850.10,"8,501.00"
164,2024120405011763,HRL,44,6,10,850.10,"8,501.00"
165,2024120405011920,HRL,44,85,300,850.00,"255,000.00"
166,2024120405011919,HRL,32,85,100,850.00,"85,000.00"
167,2024120405011918,HRL,13,85,36,850.00,"30,600.00"
168,2024120405011887,HRL,13,64,14,850.00,"11,900.00"
169,2024120405011886,HRL,58,64,20,850.00,"17,000.00"
170,2024120405011885,HRL,44,64,10,850.10,"8,501.00"
171,2024120405011979,HRL,57,14,20,850.10,"17,002.00"
172,2024120405011942,HRL,62,56,4,850.00,"3,400.00"
173,2024120405011941,HRL,62,8,10,850.00,"8,500.00"
174,2024120405011924,HRL,62,4,20,850.00,"17,000.00"
175,2024120405011922,HRL,62,85,64,850.00,"54,400.00"
176,2024120405011921,HRL,57,85,500,850.00,"425,000.00"
177,2024120405012032,HRL,19,42,29,850.00,"24,650.00"
178,2024120405012024,HRL,19,69,29,850.00,"24,650.00"
179,2024120405012023,HRL,58,69,171,850.00,"145,350.00"
180,2024120405011989,HRL,58,49,10,850.00,"8,500.00"
181,2024120405011982,HRL,58,69,70,850.00,"59,500.00"
182,2024120405011981,HRL,57,69,230,850.10,"195,523.00"
183,2024120405012091,HRL,59,42,70,849.00,"59,430.00"
184,2024120405012083,HRL,59,3,10,849.00,"8,490.00"
185,2024120405012078,HRL,59,45,20,849.00,"16,980.00"
186,2024120405012066,HRL,59,47,100,849.00,"84,900.00"
187,2024120405012063,HRL,59,52,20,849.00,"16,980.00"
188,2024120405012033,HRL,59,42,461,849.00,"391,389.00"
189,2024120405012139,HRL,59,58,38,849.00,"32,262.00"
190,2024120405012138,HRL,57,58,60,849.10,"50,946.00"
191,2024120405012129,HRL,42,69,10,850.00,"8,500.00"
192,2024120405012121,HRL,59,67,150,849.00,"127,350.00"
193,2024120405012102,HRL,59,62,100,849.00,"84,900.00"
194,2024120405012094,HRL,59,14,20,849.00,"16,980.00"
195,2024120405012158,HRL,42,69,40,850.00,"34,000.00"
196,2024120405012149,HRL,90,55,30,849.00,"25,470.00"
197,2024120405012143,HRL,90,58,78,849.00,"66,222.00"
198,2024120405012142,HRL,17,58,10,849.00,"8,490.00"
199,2024120405012141,HRL,17,58,10,849.00,"8,490.00"
200,2024120405012140,HRL,94,58,10,849.00,"8,490.00"
201,2024120405012245,HRL,55,34,20,850.00,"17,000.00"
202,2024120405012227,HRL,42,59,10,850.00,"8,500.00"
203,2024120405012214,HRL,42,56,10,850.00,"8,500.00"
204,2024120405012213,HRL,42,4,20,850.00,"17,000.00"
205,2024120405012189,HRL,42,21,10,850.00,"8,500.00"
206,2024120405012159,HRL,42,44,10,850.00,"8,500.00"
207,2024120405012274,HRL,55,55,16,850.00,"13,600.00"
208,2024120405012269,HRL,55,57,10,850.00,"8,500.00"
209,2024120405012261,HRL,55,59,10,850.00,"8,500.00"
210,2024120405012260,HRL,55,57,30,850.00,"25,500.00"
211,2024120405012258,HRL,55,6,31,850.00,"26,350.00"
212,2024120405012252,HRL,58,58,1,833.00,833.00
213,2024120405012476,HRL,49,41,19,850.00,"16,150.00"
214,2024120405012297,HRL,61,41,12,850.00,"10,200.00"
215,2024120405012295,HRL,86,48,418,849.00,"354,882.00"
216,2024120405012294,HRL,58,48,50,849.00,"42,450.00"
217,2024120405012293,HRL,90,48,32,849.00,"27,168.00"
218,2024120405012276,HRL,57,59,10,849.10,"8,491.00"
219,2024120405012489,HRL,36,44,20,850.00,"17,000.00"
220,2024120405012488,HRL,36,32,10,850.00,"8,500.00"
221,2024120405012487,HRL,36,51,10,850.00,"8,500.00"
222,2024120405012486,HRL,36,7,30,850.00,"25,500.00"
223,2024120405012485,HRL,86,28,10,849.00,"8,490.00"
224,2024120405012477,HRL,49,58,1,850.00,850.00
225,2024120405012515,HRL,86,18,20,849.00,"16,980.00"
226,2024120405012494,HRL,36,33,264,850.00,"224,400.00"
227,2024120405012493,HRL,36,14,20,850.00,"17,000.00"
228,2024120405012492,HRL,36,49,10,850.00,"8,500.00"
229,2024120405012491,HRL,36,58,31,850.00,"26,350.00"
230,2024120405012490,HRL,36,3,105,850.00,"89,250.00"
231,2024120405012658,HRL,32,29,150,848.30,"127,245.00"
232,2024120405012657,HRL,58,29,22,849.00,"18,678.00"
233,2024120405012656,HRL,58,16,178,849.00,"151,122.00"
234,2024120405012655,HRL,86,16,22,849.00,"18,678.00"
235,2024120405012598,HRL,86,8,10,849.00,"8,490.00"
236,2024120405012566,HRL,86,57,20,849.00,"16,980.00"
237,2024120405012664,HRL,42,29,10,848.00,"8,480.00"
238,2024120405012663,HRL,26,29,20,848.00,"16,960.00"
239,2024120405012662,HRL,22,29,90,848.00,"76,320.00"
240,2024120405012661,HRL,16,29,100,848.00,"84,800.00"
241,2024120405012660,HRL,50,29,500,848.00,"424,000.00"
242,2024120405012659,HRL,26,29,20,848.00,"16,960.00"
243,2024120405012754,HRL,38,48,69,848.00,"58,512.00"
244,2024120405012732,HRL,38,58,31,848.00,"26,288.00"
245,2024120405012712,HRL,59,18,20,847.30,"16,946.00"
246,2024120405012667,HRL,59,29,778,847.30,"659,199.40"
247,2024120405012666,HRL,58,29,10,847.40,"8,474.00"
248,2024120405012665,HRL,16,29,400,848.00,"339,200.00"
249,2024120405012764,HRL,58,49,10,847.00,"8,470.00"
250,2024120405012759,HRL,58,48,54,847.00,"45,738.00"
251,2024120405012758,HRL,32,48,90,847.00,"76,230.00"
252,2024120405012757,HRL,49,48,350,847.00,"296,450.00"
253,2024120405012756,HRL,14,48,235,847.30,"199,115.50"
254,2024120405012755,HRL,59,48,202,847.30,"171,154.60"
255,2024120405012930,HRL,21,52,20,847.00,"16,940.00"
256,2024120405012920,HRL,21,1,20,847.00,"16,940.00"
257,2024120405012852,HRL,58,6,20,847.00,"16,940.00"
258,2024120405012812,HRL,58,1,20,847.00,"16,940.00"
259,2024120405012805,HRL,25,33,200,850.00,"170,000.00"
260,2024120405012800,HRL,58,22,50,847.00,"42,350.00"
261,2024120405013091,HRL,94,35,10,846.00,"8,460.00"
262,2024120405013036,HRL,1,11,30,847.00,"25,410.00"
263,2024120405013035,HRL,21,11,42,847.00,"35,574.00"
264,2024120405012973,HRL,21,14,35,847.00,"29,645.00"
265,2024120405012964,HRL,17,33,40,850.00,"34,000.00"
266,2024120405012963,HRL,17,6,10,849.00,"8,490.00"
267,2024120405013269,HRL,3,58,10,845.50,"8,455.00"
268,2024120405013241,HRL,89,49,10,845.30,"8,453.00"
269,2024120405013231,HRL,89,1,500,845.30,"422,650.00"
270,2024120405013220,HRL,89,4,20,845.30,"16,906.00"
271,2024120405013207,HRL,89,25,10,845.30,"8,453.00"
272,2024120405013156,HRL,50,11,100,846.00,"84,600.00"
273,2024120405013403,HRL,17,57,120,845.40,"101,448.00"
274,2024120405013402,HRL,7,57,10,845.50,"8,455.00"
275,2024120405013364,HRL,42,11,20,846.00,"16,920.00"
276,2024120405013334,HRL,17,6,20,845.40,"16,908.00"
277,2024120405013305,HRL,17,41,60,845.40,"50,724.00"
278,2024120405013304,HRL,3,41,10,845.50,"8,455.00"
279,2024120405013475,HRL,50,13,30,846.00,"25,380.00"
280,2024120405013474,HRL,50,11,163,846.00,"137,898.00"
281,2024120405013451,HRL,4,11,60,846.00,"50,760.00"
282,2024120405013408,HRL,45,11,30,846.00,"25,380.00"
283,2024120405013405,HRL,16,57,70,845.40,"59,178.00"
284,2024120405013404,HRL,1,57,300,845.40,"253,620.00"
285,2024120405013486,HRL,89,84,100,845.30,"84,530.00"
286,2024120405013485,HRL,16,84,330,845.40,"278,982.00"
287,2024120405013484,HRL,7,84,10,845.50,"8,455.00"
288,2024120405013483,HRL,50,84,50,846.00,"42,300.00"
289,2024120405013477,HRL,50,42,10,846.00,"8,460.00"
290,2024120405013476,HRL,50,49,10,846.00,"8,460.00"
291,2024120405013515,HRL,45,58,65,845.20,"54,938.00"
292,2024120405013499,HRL,45,49,10,845.20,"8,452.00"
293,2024120405013498,HRL,45,17,175,845.20,"147,910.00"
294,2024120405013497,HRL,45,17,400,845.20,"338,080.00"
295,2024120405013496,HRL,34,17,100,845.20,"84,520.00"
296,2024120405013495,HRL,89,17,"1,360",845.30,"1,149,608.00"
297,2024120405013594,HRL,57,41,10,845.20,"8,452.00"
298,2024120405013567,HRL,58,49,100,845.10,"84,510.00"
299,2024120405013548,HRL,58,57,95,845.10,"80,284.50"
300,2024120405013547,HRL,37,57,300,845.10,"253,530.00"
301,2024120405013546,HRL,1,57,30,845.10,"25,353.00"
302,2024120405013545,HRL,45,57,75,845.20,"63,390.00"
303,2024120405013658,HRL,11,38,50,846.00,"42,300.00"
304,2024120405013651,HRL,11,42,10,846.00,"8,460.00"
305,2024120405013650,HRL,11,49,20,846.00,"16,920.00"
306,2024120405013649,HRL,11,6,20,846.00,"16,920.00"
307,2024120405013646,HRL,57,21,10,845.20,"8,452.00"
308,2024120405013617,HRL,57,57,20,845.20,"16,904.00"
309,2024120405013720,HRL,7,49,10,845.20,"8,452.00"
310,2024120405013719,HRL,36,49,30,845.20,"25,356.00"
311,2024120405013718,HRL,94,49,50,845.20,"42,260.00"
312,2024120405013687,HRL,60,57,20,846.00,"16,920.00"
313,2024120405013673,HRL,94,6,20,845.20,"16,904.00"
314,2024120405013659,HRL,58,38,50,845.10,"42,255.00"
315,2024120405013851,HRL,42,21,100,846.00,"84,600.00"
316,2024120405013839,HRL,42,56,10,846.00,"8,460.00"
317,2024120405013799,HRL,42,58,31,846.00,"26,226.00"
318,2024120405013776,HRL,42,58,10,846.00,"8,460.00"
319,2024120405013739,HRL,38,57,10,846.00,"8,460.00"
320,2024120405013721,HRL,58,49,110,845.10,"92,961.00"
321,2024120405013958,HRL,45,57,15,847.00,"12,705.00"
322,2024120405013957,HRL,45,58,10,846.50,"8,465.00"
323,2024120405013934,HRL,58,22,20,845.10,"16,902.00"
324,2024120405013920,HRL,58,10,190,845.10,"160,569.00"
325,2024120405013919,HRL,58,10,10,845.20,"8,452.00"
326,2024120405013898,HRL,58,56,10,845.10,"8,451.00"
327,2024120405014056,HRL,21,55,150,847.00,"127,050.00"
328,2024120405014048,HRL,38,46,20,845.20,"16,904.00"
329,2024120405014029,HRL,49,55,10,847.00,"8,470.00"
330,2024120405013961,HRL,45,55,40,847.00,"33,880.00"
331,2024120405013960,HRL,45,49,50,847.00,"42,350.00"
332,2024120405013959,HRL,45,58,10,847.00,"8,470.00"
333,2024120405014104,HRL,58,49,10,845.30,"8,453.00"
334,2024120405014095,HRL,52,49,21,846.00,"17,766.00"
335,2024120405014092,HRL,52,45,11,846.00,"9,306.00"
336,2024120405014091,HRL,21,45,30,847.00,"25,410.00"
337,2024120405014058,HRL,21,49,10,847.00,"8,470.00"
338,2024120405014057,HRL,21,58,10,847.00,"8,470.00"
339,2024120405014177,HRL,55,33,111,845.20,"93,817.20"
340,2024120405014176,HRL,38,33,30,845.20,"25,356.00"
341,2024120405014175,HRL,58,33,59,845.30,"49,872.70"
342,2024120405014168,HRL,58,51,10,847.00,"8,470.00"
343,2024120405014167,HRL,58,26,10,846.00,"8,460.00"
344,2024120405014120,HRL,58,8,31,845.30,"26,204.30"
345,2024120405014293,HRL,67,57,100,845.30,"84,530.00"
346,2024120405014292,HRL,38,57,20,845.30,"16,906.00"
347,2024120405014291,HRL,49,57,197,845.50,"166,563.50"
348,2024120405014228,HRL,55,36,20,845.20,"16,904.00"
349,2024120405014184,HRL,42,51,90,847.00,"76,230.00"
350,2024120405014183,HRL,42,58,10,845.30,"8,453.00"
351,2024120405014299,HRL,58,57,244,845.10,"206,204.40"
352,2024120405014298,HRL,75,57,500,845.20,"422,600.00"
353,2024120405014297,HRL,34,57,50,845.20,"42,260.00"
354,2024120405014296,HRL,38,57,300,845.20,"253,560.00"
355,2024120405014295,HRL,38,57,20,845.20,"16,904.00"
356,2024120405014294,HRL,55,57,69,845.20,"58,318.80"
357,2024120405014506,HRL,42,51,10,847.00,"8,470.00"
358,2024120405014462,HRL,50,59,10,846.00,"8,460.00"
359,2024120405014430,HRL,50,21,10,846.00,"8,460.00"
360,2024120405014332,HRL,58,45,10,845.10,"8,451.00"
361,2024120405014329,HRL,58,36,10,845.10,"8,451.00"
362,2024120405014309,HRL,58,67,10,845.10,"8,451.00"
363,2024120405014593,HRL,50,40,85,846.00,"71,910.00"
364,2024120405014538,HRL,50,42,20,846.00,"16,920.00"
365,2024120405014510,HRL,42,55,19,848.00,"16,112.00"
366,2024120405014509,HRL,42,34,10,848.00,"8,480.00"
367,2024120405014508,HRL,42,38,30,848.00,"25,440.00"
368,2024120405014507,HRL,42,58,11,848.00,"9,328.00"
369,2024120405014690,HRL,8,55,10,848.00,"8,480.00"
370,2024120405014668,HRL,50,55,20,847.00,"16,940.00"
371,2024120405014627,HRL,50,49,10,847.00,"8,470.00"
372,2024120405014626,HRL,50,25,10,847.00,"8,470.00"
373,2024120405014625,HRL,50,11,136,847.00,"115,192.00"
374,2024120405014612,HRL,42,11,20,847.00,"16,940.00"
375,2024120405014943,HRL,56,58,12,846.00,"10,152.00"
376,2024120405014832,HRL,10,38,100,845.40,"84,540.00"
377,2024120405014799,HRL,86,26,10,846.00,"8,460.00"
378,2024120405014747,HRL,86,77,10,846.00,"8,460.00"
379,2024120405014744,HRL,56,42,20,847.00,"16,940.00"
380,2024120405014723,HRL,56,49,20,847.00,"16,940.00"
381,2024120405015093,HRL,45,71,25,845.20,"21,130.00"
382,2024120405015037,HRL,58,83,365,845.10,"308,461.50"
383,2024120405015036,HRL,56,83,635,845.30,"536,765.50"
384,2024120405015032,HRL,56,67,10,845.30,"8,453.00"
385,2024120405015011,HRL,56,38,55,845.30,"46,491.50"
386,2024120405015010,HRL,17,38,45,845.30,"38,038.50"
387,2024120405015164,HRL,32,85,20,845.20,"16,904.00"
388,2024120405015152,HRL,51,50,64,847.00,"54,208.00"
389,2024120405015151,HRL,51,38,10,846.90,"8,469.00"
390,2024120405015150,HRL,51,53,10,846.00,"8,460.00"
391,2024120405015149,HRL,51,43,10,846.00,"8,460.00"
392,2024120405015094,HRL,58,71,875,845.10,"739,462.50"
393,2024120405015229,HRL,47,85,10,845.10,"8,451.00"
394,2024120405015228,HRL,14,85,10,845.10,"8,451.00"
395,2024120405015227,HRL,58,85,237,845.10,"200,288.70"
396,2024120405015210,HRL,58,58,20,845.10,"16,902.00"
397,2024120405015208,HRL,58,58,20,845.10,"16,902.00"
398,2024120405015165,HRL,58,85,"1,980",845.10,"1,673,298.00"
399,2024120405015235,HRL,7,85,200,845.00,"169,000.00"
400,2024120405015234,HRL,35,85,28,845.00,"23,660.00"
401,2024120405015233,HRL,41,85,410,845.00,"346,450.00"
402,2024120405015232,HRL,41,85,410,845.00,"346,450.00"
403,2024120405015231,HRL,35,85,200,845.00,"169,000.00"
404,2024120405015230,HRL,44,85,250,845.00,"211,250.00"
405,2024120405015241,HRL,47,85,100,845.00,"84,500.00"
406,2024120405015240,HRL,17,85,20,845.00,"16,900.00"
407,2024120405015239,HRL,7,85,10,845.00,"8,450.00"
408,2024120405015238,HRL,6,85,20,845.00,"16,900.00"
409,2024120405015237,HRL,38,85,500,845.00,"422,500.00"
410,2024120405015236,HRL,49,85,150,845.00,"126,750.00"
411,2024120405015247,HRL,42,85,18,844.00,"15,192.00"
412,2024120405015246,HRL,56,85,100,845.00,"84,500.00"
413,2024120405015245,HRL,6,85,10,845.00,"8,450.00"
414,2024120405015244,HRL,4,85,10,845.00,"8,450.00"
415,2024120405015243,HRL,63,85,30,845.00,"25,350.00"
416,2024120405015242,HRL,34,85,"1,000",845.00,"845,000.00"
417,2024120405015253,HRL,17,85,50,843.00,"42,150.00"
418,2024120405015252,HRL,22,85,90,844.00,"75,960.00"
419,2024120405015251,HRL,45,85,100,844.00,"84,400.00"
420,2024120405015250,HRL,57,85,20,844.00,"16,880.00"
421,2024120405015249,HRL,55,85,300,844.00,"253,200.00"
422,2024120405015248,HRL,17,85,30,844.00,"25,320.00"
423,2024120405015338,HRL,48,54,17,843.00,"14,331.00"
424,2024120405015281,HRL,48,41,31,843.00,"26,133.00"
425,2024120405015257,HRL,48,85,37,843.00,"31,191.00"
426,2024120405015256,HRL,40,85,500,843.00,"421,500.00"
427,2024120405015255,HRL,34,85,100,843.00,"84,300.00"
428,2024120405015254,HRL,17,85,50,843.00,"42,150.00"
429,2024120405015502,HRL,44,57,20,845.00,"16,900.00"
430,2024120405015501,HRL,44,42,20,845.00,"16,900.00"
431,2024120405015500,HRL,44,54,10,845.00,"8,450.00"
432,2024120405015479,HRL,56,49,20,843.10,"16,862.00"
433,2024120405015366,HRL,64,13,111,843.00,"93,573.00"
434,2024120405015339,HRL,64,54,83,843.00,"69,969.00"
435,2024120405015596,HRL,56,75,145,843.10,"122,249.50"
436,2024120405015595,HRL,42,75,50,843.50,"42,175.00"
437,2024120405015554,HRL,52,85,175,845.00,"147,875.00"
438,2024120405015553,HRL,52,58,70,845.00,"59,150.00"
439,2024120405015505,HRL,44,58,30,845.00,"25,350.00"
440,2024120405015503,HRL,44,46,20,845.00,"16,900.00"
441,2024120405015610,HRL,16,34,10,844.00,"8,440.00"
442,2024120405015601,HRL,26,75,59,843.00,"49,737.00"
443,2024120405015600,HRL,1,75,100,843.00,"84,300.00"
444,2024120405015599,HRL,7,75,10,843.00,"8,430.00"
445,2024120405015598,HRL,29,75,80,843.00,"67,440.00"
446,2024120405015597,HRL,64,75,56,843.00,"47,208.00"
447,2024120405015680,HRL,42,75,11,843.00,"9,273.00"
448,2024120405015679,HRL,14,75,30,843.00,"25,290.00"
449,2024120405015678,HRL,26,75,41,843.00,"34,563.00"
450,2024120405015660,HRL,17,60,270,844.00,"227,880.00"
451,2024120405015637,HRL,32,60,193,844.00,"162,892.00"
452,2024120405015618,HRL,32,45,10,844.00,"8,440.00"
453,2024120405015692,HRL,29,49,10,843.00,"8,430.00"
454,2024120405015691,HRL,29,75,228,843.00,"192,204.00"
455,2024120405015684,HRL,43,75,100,843.00,"84,300.00"
456,2024120405015683,HRL,34,75,10,843.00,"8,430.00"
457,2024120405015682,HRL,49,75,30,843.00,"25,290.00"
458,2024120405015681,HRL,22,75,50,843.00,"42,150.00"
459,2024120405015698,HRL,29,57,31,844.90,"26,191.90"
460,2024120405015697,HRL,29,41,130,844.90,"109,837.00"
461,2024120405015696,HRL,29,34,50,844.90,"42,245.00"
462,2024120405015695,HRL,29,38,10,844.00,"8,440.00"
463,2024120405015694,HRL,29,7,500,844.00,"422,000.00"
464,2024120405015693,HRL,29,60,37,844.00,"31,228.00"
465,2024120405015830,HRL,32,65,40,843.00,"33,720.00"
466,2024120405015828,HRL,32,34,10,843.00,"8,430.00"
467,2024120405015827,HRL,10,34,50,843.10,"42,155.00"
468,2024120405015826,HRL,42,34,40,843.20,"33,728.00"
469,2024120405015743,HRL,51,60,10,844.00,"8,440.00"
470,2024120405015699,HRL,29,85,"3,004",845.00,"2,538,380.00"
471,2024120405015928,HRL,58,60,120,842.20,"101,064.00"
472,2024120405015927,HRL,56,60,50,842.40,"42,120.00"
473,2024120405015926,HRL,19,60,29,842.50,"24,432.50"
474,2024120405015925,HRL,10,60,90,842.50,"75,825.00"
475,2024120405015879,HRL,10,7,10,842.50,"8,425.00"
476,2024120405015862,HRL,50,65,50,843.00,"42,150.00"
477,2024120405016083,HRL,29,75,300,843.00,"252,900.00"
478,2024120405016082,HRL,29,75,500,843.00,"421,500.00"
479,2024120405016081,HRL,29,65,200,843.00,"168,600.00"
480,2024120405015972,HRL,38,4,10,842.20,"8,422.00"
481,2024120405015946,HRL,10,65,50,843.00,"42,150.00"
482,2024120405015929,HRL,38,60,351,842.20,"295,612.20"
483,2024120405016274,HRL,50,85,400,842.10,"336,840.00"
484,2024120405016273,HRL,38,85,739,842.10,"622,311.90"
485,2024120405016148,HRL,48,75,100,843.00,"84,300.00"
486,2024120405016086,HRL,38,45,261,842.10,"219,788.10"
487,2024120405016085,HRL,37,45,100,842.10,"84,210.00"
488,2024120405016084,HRL,38,45,139,842.20,"117,065.80"
489,2024120405016280,HRL,51,85,20,842.00,"16,840.00"
490,2024120405016279,HRL,62,85,28,842.00,"23,576.00"
491,2024120405016278,HRL,6,85,10,842.00,"8,420.00"
492,2024120405016277,HRL,58,85,30,842.10,"25,263.00"
493,2024120405016276,HRL,40,85,30,842.10,"25,263.00"
494,2024120405016275,HRL,21,85,500,842.10,"421,050.00"
495,2024120405016286,HRL,47,85,60,842.00,"50,520.00"
496,2024120405016285,HRL,39,85,"2,000",842.00,"1,684,000.00"
497,2024120405016284,HRL,57,85,50,842.00,"42,100.00"
498,2024120405016283,HRL,38,85,50,842.00,"42,100.00"
499,2024120405016282,HRL,26,85,30,842.00,"25,260.00"
500,2024120405016281,HRL,35,85,100,842.00,"84,200.00"
501,2024120405009542,HRL,49,89,10,852.00,"8,520.00"
502,2024120405009541,HRL,49,45,20,852.00,"17,040.00"
503,2024120405009540,HRL,70,14,20,851.00,"17,020.00"
504,2024120405009517,HRL,48,38,10,852.00,"8,520.00"
505,2024120405009516,HRL,48,8,10,851.90,"8,519.00"
506,2024120405009515,HRL,48,52,10,851.50,"8,515.00"
507,2024120405003013,HRL,4,6,70,850.00,"59,500.00"
508,2024120405003006,HRL,4,38,10,850.00,"8,500.00"
509,2024120405003088,HRL,57,58,10,850.10,"8,501.00"
510,2024120405003071,HRL,57,58,10,850.10,"8,501.00"
