0,Transact_No,Symbol,Buyer,Seller,Quantity,Rate,Amount
1,2024091501034995,NABIL,45,49,11,571.00,"6,281.00"
2,2024091501034881,NABIL,45,19,50,571.00,"28,550.00"
3,2024091501034863,NABIL,45,19,23,571.00,"13,133.00"
4,2024091501034862,NABIL,34,19,10,571.00,"5,710.00"
5,2024091501034861,NABIL,58,19,67,571.00,"38,257.00"
6,2024091501034725,NABIL,45,33,50,571.20,"28,560.00"
7,2024091501019543,NABIL,58,14,304,583.00,"177,232.00"
8,2024091501019542,NABIL,1,14,45,583.00,"26,235.00"
9,2024091501019660,NABIL,42,66,36,583.00,"20,988.00"
10,2024091501019633,NABIL,58,66,368,583.00,"214,544.00"
11,2024091501019630,NABIL,58,39,10,583.00,"5,830.00"
12,2024091501019580,NABIL,43,45,50,584.00,"29,200.00"
13,2024091501019579,NABIL,43,55,50,583.50,"29,175.00"
14,2024091501019546,NABIL,58,57,18,583.00,"10,494.00"
15,2024091501019822,NABIL,14,57,100,583.00,"58,300.00"
16,2024091501019739,NABIL,14,26,10,583.90,"5,839.00"
17,2024091501019668,NABIL,13,45,73,584.00,"42,632.00"
18,2024091501019667,NABIL,13,45,379,584.00,"221,336.00"
19,2024091501019666,NABIL,13,90,48,583.00,"27,984.00"
20,2024091501019661,NABIL,42,90,134,583.00,"78,122.00"
21,2024091501020091,NABIL,49,16,100,583.90,"58,390.00"
22,2024091501020043,NABIL,14,33,50,583.80,"29,190.00"
23,2024091501019978,NABIL,38,14,277,583.00,"161,491.00"
24,2024091501019946,NABIL,29,33,403,582.10,"234,586.30"
25,2024091501019917,NABIL,38,14,12,583.00,"6,996.00"
26,2024091501019831,NABIL,38,57,18,583.00,"10,494.00"
27,2024091501020404,NABIL,35,35,200,583.40,"116,680.00"
28,2024091501020231,NABIL,58,35,20,583.40,"11,668.00"
29,2024091501020202,NABIL,55,35,159,583.40,"92,760.60"
30,2024091501020177,NABIL,55,41,41,583.40,"23,919.40"
31,2024091501020119,NABIL,1,45,100,584.00,"58,400.00"
32,2024091501020092,NABIL,49,45,200,584.00,"116,800.00"
33,2024091501020693,NABIL,13,17,10,583.00,"5,830.00"
34,2024091501020692,NABIL,62,17,49,583.00,"28,567.00"
35,2024091501020591,NABIL,62,58,11,583.00,"6,413.00"
36,2024091501020590,NABIL,35,58,25,583.00,"14,575.00"
37,2024091501020519,NABIL,29,35,20,583.40,"11,668.00"
38,2024091501020452,NABIL,38,58,77,583.00,"44,891.00"
39,2024091501020879,NABIL,4,66,130,582.00,"75,660.00"
40,2024091501020878,NABIL,16,66,10,582.00,"5,820.00"
41,2024091501020877,NABIL,42,66,100,582.00,"58,200.00"
42,2024091501020876,NABIL,46,66,10,582.00,"5,820.00"
43,2024091501020875,NABIL,25,66,50,582.00,"29,100.00"
44,2024091501020874,NABIL,49,66,10,583.00,"5,830.00"
45,2024091501021065,NABIL,34,42,14,581.60,"8,142.40"
46,2024091501021064,NABIL,25,42,23,581.60,"13,376.80"
47,2024091501020883,NABIL,25,66,21,581.60,"12,213.60"
48,2024091501020882,NABIL,58,66,40,581.60,"23,264.00"
49,2024091501020881,NABIL,22,66,120,581.70,"69,804.00"
50,2024091501020880,NABIL,46,66,20,582.00,"11,640.00"
51,2024091501021326,NABIL,45,45,10,581.00,"5,810.00"
52,2024091501021325,NABIL,50,45,91,581.00,"52,871.00"
53,2024091501021069,NABIL,50,42,59,581.00,"34,279.00"
54,2024091501021068,NABIL,43,42,19,581.00,"11,039.00"
55,2024091501021067,NABIL,51,42,20,581.00,"11,620.00"
56,2024091501021066,NABIL,58,42,65,581.00,"37,765.00"
57,2024091501021454,NABIL,42,16,175,580.00,"101,500.00"
58,2024091501021453,NABIL,36,16,130,580.00,"75,400.00"
59,2024091501021452,NABIL,42,16,300,580.20,"174,060.00"
60,2024091501021451,NABIL,58,16,20,580.30,"11,606.00"
61,2024091501021328,NABIL,59,45,30,581.00,"17,430.00"
62,2024091501021327,NABIL,41,45,10,581.00,"5,810.00"
63,2024091501021460,NABIL,34,16,500,580.00,"290,000.00"
64,2024091501021459,NABIL,35,16,100,580.00,"58,000.00"
65,2024091501021458,NABIL,41,16,100,580.00,"58,000.00"
66,2024091501021457,NABIL,28,16,40,580.00,"23,200.00"
67,2024091501021456,NABIL,49,16,10,580.00,"5,800.00"
68,2024091501021455,NABIL,21,16,100,580.00,"58,000.00"
69,2024091501021598,NABIL,14,11,10,580.10,"5,801.00"
70,2024091501021465,NABIL,26,16,395,580.00,"229,100.00"
71,2024091501021464,NABIL,57,16,10,580.00,"5,800.00"
72,2024091501021463,NABIL,6,16,100,580.00,"58,000.00"
73,2024091501021462,NABIL,6,16,10,580.00,"5,800.00"
74,2024091501021461,NABIL,40,16,10,580.00,"5,800.00"
75,2024091501021755,NABIL,39,51,223,580.00,"129,340.00"
76,2024091501021754,NABIL,7,51,17,580.00,"9,860.00"
77,2024091501021753,NABIL,26,51,105,580.00,"60,900.00"
78,2024091501021752,NABIL,14,51,55,580.10,"31,905.50"
79,2024091501021689,NABIL,14,58,20,580.10,"11,602.00"
80,2024091501021637,NABIL,14,17,15,580.10,"8,701.50"
81,2024091501021829,NABIL,34,59,10,580.00,"5,800.00"
82,2024091501021828,NABIL,22,59,50,580.00,"29,000.00"
83,2024091501021827,NABIL,57,59,10,580.00,"5,800.00"
84,2024091501021826,NABIL,51,59,100,580.00,"58,000.00"
85,2024091501021825,NABIL,34,59,40,580.00,"23,200.00"
86,2024091501021824,NABIL,39,59,77,580.00,"44,660.00"
87,2024091501021931,NABIL,13,34,50,580.00,"29,000.00"
88,2024091501021930,NABIL,29,34,233,580.00,"135,140.00"
89,2024091501021895,NABIL,29,6,20,580.00,"11,600.00"
90,2024091501021832,NABIL,29,59,47,580.00,"27,260.00"
91,2024091501021831,NABIL,59,59,86,580.00,"49,880.00"
92,2024091501021830,NABIL,21,59,80,580.00,"46,400.00"
93,2024091501022182,NABIL,35,45,15,581.00,"8,715.00"
94,2024091501022156,NABIL,14,45,17,581.00,"9,877.00"
95,2024091501022070,NABIL,21,50,55,580.00,"31,900.00"
96,2024091501021934,NABIL,44,34,2,580.00,"1,160.00"
97,2024091501021933,NABIL,45,34,50,580.00,"29,000.00"
98,2024091501021932,NABIL,51,34,30,580.00,"17,400.00"
99,2024091501022626,NABIL,45,42,41,580.00,"23,780.00"
100,2024091501022625,NABIL,14,42,60,580.10,"34,806.00"
101,2024091501022456,NABIL,21,13,55,580.00,"31,900.00"
102,2024091501022330,NABIL,21,38,16,580.00,"9,280.00"
103,2024091501022296,NABIL,21,34,254,580.00,"147,320.00"
104,2024091501022212,NABIL,21,57,20,580.00,"11,600.00"
105,2024091501023106,NABIL,41,46,90,580.00,"52,200.00"
106,2024091501023105,NABIL,58,46,19,580.00,"11,020.00"
107,2024091501023104,NABIL,34,46,51,580.00,"29,580.00"
108,2024091501022893,NABIL,34,22,49,580.00,"28,420.00"
109,2024091501022892,NABIL,45,22,51,580.00,"29,580.00"
110,2024091501022715,NABIL,45,13,10,580.00,"5,800.00"
111,2024091501023586,NABIL,6,45,50,581.00,"29,050.00"
112,2024091501023537,NABIL,42,45,51,581.00,"29,631.00"
113,2024091501023411,NABIL,21,52,100,580.90,"58,090.00"
114,2024091501023302,NABIL,41,17,80,580.00,"46,400.00"
115,2024091501023179,NABIL,32,47,17,580.90,"9,875.30"
116,2024091501023175,NABIL,41,11,20,580.00,"11,600.00"
117,2024091501023846,NABIL,33,1,69,581.00,"40,089.00"
118,2024091501023845,NABIL,33,45,16,581.00,"9,296.00"
119,2024091501023834,NABIL,11,44,25,580.50,"14,512.50"
120,2024091501023822,NABIL,6,44,10,580.50,"5,805.00"
121,2024091501023719,NABIL,35,44,15,580.90,"8,713.50"
122,2024091501023693,NABIL,89,45,10,581.00,"5,810.00"
123,2024091501023959,NABIL,25,1,76,581.00,"44,156.00"
124,2024091501023908,NABIL,45,1,10,581.00,"5,810.00"
125,2024091501023906,NABIL,49,20,101,580.50,"58,630.50"
126,2024091501023861,NABIL,34,1,75,581.00,"43,575.00"
127,2024091501023860,NABIL,34,52,25,580.50,"14,512.50"
128,2024091501023851,NABIL,11,52,25,580.50,"14,512.50"
129,2024091501024416,NABIL,49,16,50,581.10,"29,055.00"
130,2024091501024349,NABIL,17,22,90,582.00,"52,380.00"
131,2024091501024348,NABIL,17,29,100,582.00,"58,200.00"
132,2024091501024347,NABIL,17,58,10,582.00,"5,820.00"
133,2024091501024244,NABIL,32,42,36,582.00,"20,952.00"
134,2024091501024141,NABIL,93,42,10,581.90,"5,819.00"
135,2024091501024585,NABIL,46,8,10,581.00,"5,810.00"
136,2024091501024584,NABIL,25,8,49,581.00,"28,469.00"
137,2024091501024575,NABIL,25,57,51,581.00,"29,631.00"
138,2024091501024574,NABIL,29,57,50,581.00,"29,050.00"
139,2024091501024573,NABIL,49,57,399,581.00,"231,819.00"
140,2024091501024521,NABIL,87,22,40,582.00,"23,280.00"
141,2024091501024757,NABIL,57,45,17,580.20,"9,863.40"
142,2024091501024699,NABIL,57,16,20,580.20,"11,604.00"
143,2024091501024676,NABIL,57,7,100,580.20,"58,020.00"
144,2024091501024653,NABIL,57,8,63,580.20,"36,552.60"
145,2024091501024614,NABIL,42,37,101,580.60,"58,640.60"
146,2024091501024586,NABIL,42,8,100,581.00,"58,100.00"
147,2024091501024965,NABIL,25,20,110,580.00,"63,800.00"
148,2024091501024880,NABIL,25,38,20,580.00,"11,600.00"
149,2024091501024840,NABIL,25,53,70,580.00,"40,600.00"
150,2024091501024839,NABIL,41,53,30,580.00,"17,400.00"
151,2024091501024776,NABIL,41,16,30,580.00,"17,400.00"
152,2024091501024758,NABIL,55,45,41,580.20,"23,788.20"
153,2024091501025215,NABIL,54,58,160,580.00,"92,800.00"
154,2024091501025177,NABIL,49,49,15,580.70,"8,710.50"
155,2024091501025155,NABIL,21,32,60,580.70,"34,842.00"
156,2024091501025065,NABIL,93,32,10,580.70,"5,807.00"
157,2024091501025040,NABIL,21,34,100,580.20,"58,020.00"
158,2024091501024966,NABIL,54,20,40,580.00,"23,200.00"
159,2024091501025282,NABIL,56,35,298,580.00,"172,840.00"
160,2024091501025281,NABIL,58,35,100,580.00,"58,000.00"
161,2024091501025280,NABIL,49,35,252,580.00,"146,160.00"
162,2024091501025221,NABIL,21,49,135,580.70,"78,394.50"
163,2024091501025217,NABIL,49,58,30,580.00,"17,400.00"
164,2024091501025216,NABIL,46,58,10,580.00,"5,800.00"
165,2024091501025407,NABIL,34,81,20,580.00,"11,600.00"
166,2024091501025406,NABIL,29,81,516,580.00,"299,280.00"
167,2024091501025405,NABIL,34,81,271,580.00,"157,180.00"
168,2024091501025381,NABIL,34,11,98,580.00,"56,840.00"
169,2024091501025380,NABIL,56,11,102,580.00,"59,160.00"
170,2024091501025368,NABIL,56,1,100,580.00,"58,000.00"
171,2024091501025522,NABIL,93,8,10,581.00,"5,810.00"
172,2024091501025500,NABIL,58,1,23,580.00,"13,340.00"
173,2024091501025499,NABIL,26,1,27,580.00,"15,660.00"
174,2024091501025410,NABIL,26,81,73,580.00,"42,340.00"
175,2024091501025409,NABIL,50,81,100,580.00,"58,000.00"
176,2024091501025408,NABIL,38,81,20,580.00,"11,600.00"
177,2024091501025596,NABIL,7,34,30,579.00,"17,370.00"
178,2024091501025595,NABIL,34,34,66,579.00,"38,214.00"
179,2024091501025541,NABIL,45,66,10,580.00,"5,800.00"
180,2024091501025540,NABIL,57,66,10,580.00,"5,800.00"
181,2024091501025539,NABIL,58,66,20,580.00,"11,600.00"
182,2024091501025538,NABIL,58,66,27,580.00,"15,660.00"
183,2024091501025656,NABIL,50,36,10,578.00,"5,780.00"
184,2024091501025655,NABIL,58,62,100,578.00,"57,800.00"
185,2024091501025654,NABIL,11,62,186,578.30,"107,563.80"
186,2024091501025599,NABIL,11,34,34,578.30,"19,662.20"
187,2024091501025598,NABIL,21,34,20,579.00,"11,580.00"
188,2024091501025597,NABIL,34,34,100,579.00,"57,900.00"
189,2024091501025834,NABIL,22,59,30,578.00,"17,340.00"
190,2024091501025833,NABIL,26,59,50,578.00,"28,900.00"
191,2024091501025832,NABIL,42,59,400,578.00,"231,200.00"
192,2024091501025827,NABIL,42,1,100,578.00,"57,800.00"
193,2024091501025826,NABIL,14,1,200,578.10,"115,620.00"
194,2024091501025657,NABIL,35,36,21,578.00,"12,138.00"
195,2024091501025934,NABIL,45,49,10,577.00,"5,770.00"
196,2024091501025933,NABIL,49,49,50,577.00,"28,850.00"
197,2024091501025932,NABIL,19,49,30,577.00,"17,310.00"
198,2024091501025876,NABIL,19,60,10,577.00,"5,770.00"
199,2024091501025836,NABIL,58,59,50,578.00,"28,900.00"
200,2024091501025835,NABIL,21,59,500,578.00,"289,000.00"
201,2024091501025940,NABIL,45,49,252,577.00,"145,404.00"
202,2024091501025939,NABIL,44,49,11,577.00,"6,347.00"
203,2024091501025938,NABIL,42,49,515,577.00,"297,155.00"
204,2024091501025937,NABIL,57,49,500,577.00,"288,500.00"
205,2024091501025936,NABIL,45,49,115,577.00,"66,355.00"
206,2024091501025935,NABIL,77,49,17,577.00,"9,809.00"
207,2024091501026371,NABIL,45,55,10,577.00,"5,770.00"
208,2024091501026362,NABIL,45,34,100,577.00,"57,700.00"
209,2024091501026327,NABIL,22,57,60,577.10,"34,626.00"
210,2024091501026272,NABIL,47,55,10,577.90,"5,779.00"
211,2024091501025991,NABIL,21,59,105,578.00,"60,690.00"
212,2024091501025946,NABIL,51,59,21,578.00,"12,138.00"
213,2024091501026580,NABIL,38,45,50,576.00,"28,800.00"
214,2024091501026562,NABIL,36,59,20,577.00,"11,540.00"
215,2024091501026509,NABIL,1,59,120,577.00,"69,240.00"
216,2024091501026508,NABIL,45,59,88,577.00,"50,776.00"
217,2024091501026397,NABIL,45,35,50,577.00,"28,850.00"
218,2024091501026372,NABIL,45,34,10,577.00,"5,770.00"
219,2024091501026649,NABIL,54,44,100,576.00,"57,600.00"
220,2024091501026605,NABIL,54,59,36,576.00,"20,736.00"
221,2024091501026604,NABIL,26,59,50,576.00,"28,800.00"
222,2024091501026603,NABIL,21,59,20,576.00,"11,520.00"
223,2024091501026602,NABIL,58,59,10,576.00,"5,760.00"
224,2024091501026581,NABIL,13,45,70,576.00,"40,320.00"
225,2024091501026915,NABIL,42,51,20,575.00,"11,500.00"
226,2024091501026914,NABIL,58,51,50,575.00,"28,750.00"
227,2024091501026913,NABIL,35,51,150,575.80,"86,370.00"
228,2024091501026733,NABIL,42,56,99,576.00,"57,024.00"
229,2024091501026732,NABIL,54,56,64,576.00,"36,864.00"
230,2024091501026704,NABIL,93,74,10,577.00,"5,770.00"
231,2024091501026921,NABIL,45,51,100,575.00,"57,500.00"
232,2024091501026920,NABIL,40,51,100,575.00,"57,500.00"
233,2024091501026919,NABIL,21,51,248,575.00,"142,600.00"
234,2024091501026918,NABIL,64,51,50,575.00,"28,750.00"
235,2024091501026917,NABIL,25,51,500,575.00,"287,500.00"
236,2024091501026916,NABIL,35,51,100,575.00,"57,500.00"
237,2024091501026927,NABIL,58,51,25,575.00,"14,375.00"
238,2024091501026926,NABIL,58,51,10,575.00,"5,750.00"
239,2024091501026925,NABIL,54,51,50,575.00,"28,750.00"
240,2024091501026924,NABIL,38,51,50,575.00,"28,750.00"
241,2024091501026923,NABIL,62,51,100,575.00,"57,500.00"
242,2024091501026922,NABIL,54,51,50,575.00,"28,750.00"
243,2024091501026933,NABIL,58,51,87,575.00,"50,025.00"
244,2024091501026932,NABIL,55,51,25,575.00,"14,375.00"
245,2024091501026931,NABIL,10,51,150,575.00,"86,250.00"
246,2024091501026930,NABIL,25,51,100,575.00,"57,500.00"
247,2024091501026929,NABIL,65,51,10,575.00,"5,750.00"
248,2024091501026928,NABIL,58,51,20,575.00,"11,500.00"
249,2024091501027206,NABIL,19,67,250,575.10,"143,775.00"
250,2024091501027126,NABIL,46,56,59,576.00,"33,984.00"
251,2024091501027125,NABIL,46,36,21,575.90,"12,093.90"
252,2024091501027095,NABIL,19,18,10,575.10,"5,751.00"
253,2024091501027001,NABIL,38,34,250,575.00,"143,750.00"
254,2024091501026978,NABIL,93,36,10,575.90,"5,759.00"
255,2024091501027428,NABIL,4,4,10,575.00,"5,750.00"
256,2024091501027427,NABIL,34,4,290,575.00,"166,750.00"
257,2024091501027426,NABIL,34,74,10,575.00,"5,750.00"
258,2024091501027256,NABIL,19,44,30,575.10,"17,253.00"
259,2024091501027242,NABIL,19,53,200,575.10,"115,020.00"
260,2024091501027227,NABIL,19,17,10,575.10,"5,751.00"
261,2024091501027569,NABIL,16,49,10,575.00,"5,750.00"
262,2024091501027568,NABIL,42,49,47,575.00,"27,025.00"
263,2024091501027496,NABIL,42,53,50,575.00,"28,750.00"
264,2024091501027431,NABIL,42,4,90,575.00,"51,750.00"
265,2024091501027430,NABIL,64,4,10,575.00,"5,750.00"
266,2024091501027429,NABIL,59,4,100,575.00,"57,500.00"
267,2024091501027910,NABIL,77,42,10,575.00,"5,750.00"
268,2024091501027847,NABIL,42,33,35,574.50,"20,107.50"
269,2024091501027768,NABIL,42,43,60,574.50,"34,470.00"
270,2024091501027721,NABIL,21,42,150,575.00,"86,250.00"
271,2024091501027609,NABIL,34,42,10,575.00,"5,750.00"
272,2024091501027570,NABIL,4,49,10,575.00,"5,750.00"
273,2024091501027934,NABIL,47,11,150,574.00,"86,100.00"
274,2024091501027933,NABIL,57,11,100,574.00,"57,400.00"
275,2024091501027932,NABIL,51,11,250,574.00,"143,500.00"
276,2024091501027931,NABIL,53,11,100,574.00,"57,400.00"
277,2024091501027930,NABIL,14,11,90,574.30,"51,687.00"
278,2024091501027929,NABIL,42,11,245,574.50,"140,752.50"
279,2024091501028075,NABIL,41,58,55,574.00,"31,570.00"
280,2024091501028074,NABIL,41,35,50,574.00,"28,700.00"
281,2024091501028040,NABIL,41,21,50,574.00,"28,700.00"
282,2024091501028023,NABIL,46,58,10,575.00,"5,750.00"
283,2024091501027936,NABIL,41,11,45,574.00,"25,830.00"
284,2024091501027935,NABIL,35,11,20,574.00,"11,480.00"
285,2024091501028318,NABIL,51,49,20,573.30,"11,466.00"
286,2024091501028229,NABIL,58,58,55,574.00,"31,570.00"
287,2024091501028138,NABIL,58,58,40,574.00,"22,960.00"
288,2024091501028109,NABIL,58,58,488,574.00,"280,112.00"
289,2024091501028077,NABIL,58,58,49,574.00,"28,126.00"
290,2024091501028076,NABIL,25,58,50,574.00,"28,700.00"
291,2024091501028480,NABIL,51,64,21,573.30,"12,039.30"
292,2024091501028420,NABIL,58,22,192,574.00,"110,208.00"
293,2024091501028419,NABIL,58,41,50,574.00,"28,700.00"
294,2024091501028418,NABIL,58,49,40,574.00,"22,960.00"
295,2024091501028417,NABIL,58,58,18,574.00,"10,332.00"
296,2024091501028380,NABIL,51,11,59,573.30,"33,824.70"
297,2024091501028536,NABIL,34,41,199,573.30,"114,086.70"
298,2024091501028535,NABIL,45,41,21,573.30,"12,039.30"
299,2024091501028484,NABIL,45,64,79,573.30,"45,290.70"
300,2024091501028483,NABIL,41,64,50,573.30,"28,665.00"
301,2024091501028482,NABIL,58,64,50,573.30,"28,665.00"
302,2024091501028481,NABIL,7,64,100,573.30,"57,330.00"
303,2024091501028729,NABIL,11,41,50,573.00,"28,650.00"
304,2024091501028634,NABIL,35,41,20,573.00,"11,460.00"
305,2024091501028596,NABIL,51,14,15,573.00,"8,595.00"
306,2024091501028595,NABIL,38,14,20,573.00,"11,460.00"
307,2024091501028594,NABIL,49,14,11,573.00,"6,303.00"
308,2024091501028565,NABIL,35,45,15,573.00,"8,595.00"
309,2024091501028886,NABIL,52,41,20,572.00,"11,440.00"
310,2024091501028885,NABIL,13,41,13,572.00,"7,436.00"
311,2024091501028884,NABIL,44,41,50,572.30,"28,615.00"
312,2024091501028883,NABIL,57,41,11,572.40,"6,296.40"
313,2024091501028882,NABIL,57,3,39,572.40,"22,323.60"
314,2024091501028857,NABIL,37,59,21,572.50,"12,022.50"
315,2024091501028903,NABIL,34,66,272,572.00,"155,584.00"
316,2024091501028898,NABIL,34,34,500,572.00,"286,000.00"
317,2024091501028890,NABIL,34,41,96,572.00,"54,912.00"
318,2024091501028889,NABIL,45,41,50,572.00,"28,600.00"
319,2024091501028888,NABIL,39,41,100,572.00,"57,200.00"
320,2024091501028887,NABIL,58,41,10,572.00,"5,720.00"
321,2024091501028913,NABIL,58,5,50,572.00,"28,600.00"
322,2024091501028908,NABIL,58,66,392,572.00,"224,224.00"
323,2024091501028907,NABIL,57,66,40,572.00,"22,880.00"
324,2024091501028906,NABIL,3,66,25,572.00,"14,300.00"
325,2024091501028905,NABIL,32,66,100,572.00,"57,200.00"
326,2024091501028904,NABIL,35,66,104,572.00,"59,488.00"
327,2024091501029035,NABIL,14,45,10,573.00,"5,730.00"
328,2024091501028995,NABIL,21,59,139,572.50,"79,577.50"
329,2024091501028983,NABIL,49,36,18,572.00,"10,296.00"
330,2024091501028982,NABIL,58,36,58,572.00,"33,176.00"
331,2024091501028961,NABIL,13,59,30,572.50,"17,175.00"
332,2024091501028933,NABIL,93,59,10,572.50,"5,725.00"
333,2024091501029423,NABIL,58,26,15,573.00,"8,595.00"
334,2024091501029289,NABIL,58,45,84,571.50,"48,006.00"
335,2024091501029039,NABIL,58,45,19,571.50,"10,858.50"
336,2024091501029038,NABIL,28,45,100,571.50,"57,150.00"
337,2024091501029037,NABIL,58,45,50,571.80,"28,590.00"
338,2024091501029036,NABIL,21,45,21,572.50,"12,022.50"
339,2024091501029987,NABIL,41,7,13,572.00,"7,436.00"
340,2024091501029743,NABIL,21,7,487,572.00,"278,564.00"
341,2024091501029705,NABIL,21,39,18,572.00,"10,296.00"
342,2024091501029645,NABIL,21,26,185,572.00,"105,820.00"
343,2024091501029507,NABIL,47,34,19,571.50,"10,858.50"
344,2024091501029506,NABIL,62,34,100,572.00,"57,200.00"
345,2024091501030110,NABIL,58,7,12,571.00,"6,852.00"
346,2024091501030052,NABIL,44,42,100,572.00,"57,200.00"
347,2024091501029992,NABIL,34,7,25,571.40,"14,285.00"
348,2024091501029991,NABIL,45,7,150,571.40,"85,710.00"
349,2024091501029989,NABIL,41,42,44,572.00,"25,168.00"
350,2024091501029988,NABIL,41,6,50,572.00,"28,600.00"
351,2024091501030242,NABIL,57,42,12,572.00,"6,864.00"
352,2024091501030194,NABIL,42,41,100,571.00,"57,100.00"
353,2024091501030126,NABIL,42,45,44,571.00,"25,124.00"
354,2024091501030125,NABIL,35,45,70,571.50,"40,005.00"
355,2024091501030112,NABIL,42,7,193,571.00,"110,203.00"
356,2024091501030111,NABIL,36,7,20,571.00,"11,420.00"
357,2024091501030378,NABIL,56,35,10,571.00,"5,710.00"
358,2024091501030377,NABIL,57,45,8,571.00,"4,568.00"
359,2024091501030376,NABIL,57,45,12,571.00,"6,852.00"
360,2024091501030375,NABIL,42,45,33,571.00,"18,843.00"
361,2024091501030277,NABIL,58,42,170,572.00,"97,240.00"
362,2024091501030250,NABIL,93,42,10,572.00,"5,720.00"
363,2024091501030703,NABIL,6,42,24,572.00,"13,728.00"
364,2024091501030702,NABIL,6,46,376,571.90,"215,034.40"
365,2024091501030584,NABIL,25,46,24,571.90,"13,725.60"
366,2024091501030573,NABIL,25,58,76,571.90,"43,464.40"
367,2024091501030396,NABIL,51,58,218,571.90,"124,674.20"
368,2024091501030383,NABIL,34,58,10,571.90,"5,719.00"
369,2024091501030794,NABIL,38,56,100,572.00,"57,200.00"
370,2024091501030750,NABIL,7,56,73,572.00,"41,756.00"
371,2024091501030748,NABIL,28,56,150,572.00,"85,800.00"
372,2024091501030742,NABIL,4,56,44,572.00,"25,168.00"
373,2024091501030741,NABIL,4,41,15,572.00,"8,580.00"
374,2024091501030740,NABIL,4,42,41,572.00,"23,452.00"
375,2024091501030990,NABIL,56,29,90,572.30,"51,507.00"
376,2024091501030983,NABIL,46,29,200,572.30,"114,460.00"
377,2024091501030943,NABIL,47,29,500,572.30,"286,150.00"
378,2024091501030933,NABIL,34,29,300,572.30,"171,690.00"
379,2024091501030880,NABIL,11,43,20,572.20,"11,444.00"
380,2024091501030861,NABIL,57,56,69,572.00,"39,468.00"
381,2024091501031191,NABIL,49,29,100,572.30,"57,230.00"
382,2024091501031088,NABIL,25,29,200,572.30,"114,460.00"
383,2024091501031085,NABIL,34,29,200,572.30,"114,460.00"
384,2024091501031059,NABIL,26,29,50,572.30,"28,615.00"
385,2024091501031024,NABIL,19,29,10,572.30,"5,723.00"
386,2024091501030993,NABIL,26,29,30,572.30,"17,169.00"
387,2024091501031350,NABIL,48,57,30,572.10,"17,163.00"
388,2024091501031293,NABIL,57,8,59,572.00,"33,748.00"
389,2024091501031217,NABIL,38,57,150,572.10,"85,815.00"
390,2024091501031216,NABIL,53,57,100,572.10,"57,210.00"
391,2024091501031215,NABIL,51,57,100,572.20,"57,220.00"
392,2024091501031214,NABIL,58,57,63,572.20,"36,048.60"
393,2024091501031822,NABIL,39,38,10,572.20,"5,722.00"
394,2024091501031769,NABIL,11,36,28,572.00,"16,016.00"
395,2024091501031768,NABIL,57,36,72,572.00,"41,184.00"
396,2024091501031584,NABIL,25,38,17,572.20,"9,727.40"
397,2024091501031473,NABIL,46,38,10,572.20,"5,722.00"
398,2024091501031469,NABIL,26,57,50,572.10,"28,605.00"
399,2024091501031849,NABIL,34,35,20,572.00,"11,440.00"
400,2024091501031848,NABIL,48,35,40,572.00,"22,880.00"
401,2024091501031847,NABIL,14,35,300,572.00,"171,600.00"
402,2024091501031846,NABIL,40,35,20,572.00,"11,440.00"
403,2024091501031845,NABIL,80,35,50,572.00,"28,600.00"
404,2024091501031844,NABIL,11,35,72,572.00,"41,184.00"
405,2024091501032064,NABIL,50,49,268,571.00,"153,028.00"
406,2024091501032063,NABIL,86,49,200,571.00,"114,200.00"
407,2024091501032062,NABIL,49,49,20,571.20,"11,424.00"
408,2024091501032061,NABIL,58,49,12,572.00,"6,864.00"
409,2024091501031992,NABIL,46,57,10,572.00,"5,720.00"
410,2024091501031850,NABIL,52,35,54,572.00,"30,888.00"
411,2024091501032221,NABIL,40,38,15,571.00,"8,565.00"
412,2024091501032220,NABIL,34,38,35,571.00,"19,985.00"
413,2024091501032219,NABIL,38,38,20,571.00,"11,420.00"
414,2024091501032218,NABIL,39,38,20,571.00,"11,420.00"
415,2024091501032217,NABIL,50,38,32,571.00,"18,272.00"
416,2024091501032216,NABIL,45,38,100,571.50,"57,150.00"
417,2024091501032583,NABIL,40,48,28,570.10,"15,962.80"
418,2024091501032510,NABIL,14,41,10,570.40,"5,704.00"
419,2024091501032365,NABIL,6,25,94,570.40,"53,617.60"
420,2024091501032224,NABIL,6,38,406,570.40,"231,582.40"
421,2024091501032223,NABIL,34,38,100,570.50,"57,050.00"
422,2024091501032222,NABIL,49,38,22,570.60,"12,553.20"
423,2024091501032636,NABIL,57,38,10,570.00,"5,700.00"
424,2024091501032635,NABIL,46,38,135,570.00,"76,950.00"
425,2024091501032634,NABIL,49,38,20,570.00,"11,400.00"
426,2024091501032633,NABIL,29,38,64,570.00,"36,480.00"
427,2024091501032632,NABIL,46,38,50,570.10,"28,505.00"
428,2024091501032631,NABIL,40,38,132,570.10,"75,253.20"
429,2024091501032788,NABIL,25,57,82,570.00,"46,740.00"
430,2024091501032775,NABIL,25,45,75,570.00,"42,750.00"
431,2024091501032774,NABIL,42,45,58,570.00,"33,060.00"
432,2024091501032747,NABIL,42,7,100,570.00,"57,000.00"
433,2024091501032704,NABIL,42,19,288,570.00,"164,160.00"
434,2024091501032637,NABIL,42,38,352,570.00,"200,640.00"
435,2024091501032875,NABIL,94,19,32,570.00,"18,240.00"
436,2024091501032874,NABIL,52,19,80,570.00,"45,600.00"
437,2024091501032850,NABIL,52,28,10,570.00,"5,700.00"
438,2024091501032849,NABIL,18,28,50,570.10,"28,505.00"
439,2024091501032823,NABIL,22,49,20,571.00,"11,420.00"
440,2024091501032789,NABIL,52,57,10,570.00,"5,700.00"
441,2024091501033012,NABIL,49,25,100,570.00,"57,000.00"
442,2024091501033010,NABIL,49,52,210,570.00,"119,700.00"
443,2024091501032889,NABIL,49,19,80,570.00,"45,600.00"
444,2024091501032888,NABIL,42,19,20,571.00,"11,420.00"
445,2024091501032879,NABIL,42,49,80,571.00,"45,680.00"
446,2024091501032876,NABIL,49,19,14,570.00,"7,980.00"
447,2024091501033194,NABIL,51,38,54,570.00,"30,780.00"
448,2024091501033177,NABIL,57,11,50,570.00,"28,500.00"
449,2024091501033176,NABIL,41,11,10,570.00,"5,700.00"
450,2024091501033175,NABIL,49,11,36,570.00,"20,520.00"
451,2024091501033155,NABIL,49,58,40,570.00,"22,800.00"
452,2024091501033123,NABIL,49,58,20,570.00,"11,400.00"
453,2024091501033414,NABIL,19,57,59,571.00,"33,689.00"
454,2024091501033410,NABIL,49,57,50,571.00,"28,550.00"
455,2024091501033399,NABIL,21,57,151,570.00,"86,070.00"
456,2024091501033398,NABIL,65,57,10,570.00,"5,700.00"
457,2024091501033397,NABIL,51,57,76,570.00,"43,320.00"
458,2024091501033212,NABIL,51,50,20,570.00,"11,400.00"
459,2024091501033424,NABIL,1,53,100,570.00,"57,000.00"
460,2024091501033423,NABIL,42,53,10,570.00,"5,700.00"
461,2024091501033422,NABIL,57,53,600,570.00,"342,000.00"
462,2024091501033421,NABIL,38,53,30,570.00,"17,100.00"
463,2024091501033420,NABIL,21,53,49,570.00,"27,930.00"
464,2024091501033415,NABIL,19,38,41,571.00,"23,411.00"
465,2024091501033430,NABIL,45,53,50,570.00,"28,500.00"
466,2024091501033429,NABIL,39,53,500,570.00,"285,000.00"
467,2024091501033428,NABIL,39,53,10,570.00,"5,700.00"
468,2024091501033427,NABIL,44,53,100,570.00,"57,000.00"
469,2024091501033426,NABIL,43,53,100,570.00,"57,000.00"
470,2024091501033425,NABIL,21,53,20,570.00,"11,400.00"
471,2024091501033521,NABIL,6,18,26,570.00,"14,820.00"
472,2024091501033520,NABIL,42,18,200,570.00,"114,000.00"
473,2024091501033519,NABIL,34,18,100,570.00,"57,000.00"
474,2024091501033518,NABIL,45,18,10,570.00,"5,700.00"
475,2024091501033517,NABIL,41,18,80,570.00,"45,600.00"
476,2024091501033431,NABIL,41,53,20,570.00,"11,400.00"
477,2024091501033930,NABIL,88,48,50,571.00,"28,550.00"
478,2024091501033883,NABIL,55,42,10,571.00,"5,710.00"
479,2024091501033882,NABIL,58,42,10,571.00,"5,710.00"
480,2024091501033604,NABIL,58,45,166,571.00,"94,786.00"
481,2024091501033536,NABIL,4,38,20,570.00,"11,400.00"
482,2024091501033522,NABIL,4,18,54,570.00,"30,780.00"
483,2024091501034310,NABIL,36,51,5,575.00,"2,875.00"
484,2024091501034249,NABIL,58,48,52,571.90,"29,738.80"
485,2024091501034248,NABIL,58,58,10,571.80,"5,718.00"
486,2024091501034080,NABIL,19,38,150,571.00,"85,650.00"
487,2024091501033976,NABIL,19,22,50,571.00,"28,550.00"
488,2024091501033975,NABIL,88,22,400,571.00,"228,400.00"
489,2024091501034645,NABIL,51,67,188,571.00,"107,348.00"
490,2024091501034532,NABIL,49,67,22,571.00,"12,562.00"
491,2024091501034531,NABIL,22,67,40,571.00,"22,840.00"
492,2024091501034464,NABIL,58,29,100,571.20,"57,120.00"
493,2024091501034441,NABIL,21,41,50,571.90,"28,595.00"
494,2024091501034317,NABIL,54,41,90,571.90,"51,471.00"
495,2024091501034724,NABIL,58,57,30,571.00,"17,130.00"
496,2024091501034713,NABIL,58,58,58,571.00,"33,118.00"
497,2024091501034712,NABIL,1,58,82,571.00,"46,822.00"
498,2024091501034690,NABIL,1,58,118,571.00,"67,378.00"
499,2024091501034670,NABIL,51,58,32,571.00,"18,272.00"
500,2024091501034657,NABIL,51,42,30,571.00,"17,130.00"
501,2024091501019541,NABIL,13,14,65,583.00,"37,895.00"
502,2024091501019540,NABIL,57,14,40,583.00,"23,320.00"
503,2024091501019539,NABIL,54,14,22,583.00,"12,826.00"
504,2024091501019538,NABIL,46,14,324,583.00,"188,892.00"
505,2024091501019482,NABIL,36,26,10,583.90,"5,839.00"
506,2024091501019480,NABIL,46,14,500,583.00,"291,500.00"
507,2024091501001875,NABIL,53,6,100,580.00,"58,000.00"
508,2024091501001874,NABIL,53,41,165,579.00,"95,535.00"
509,2024091501002006,NABIL,21,6,91,580.00,"52,780.00"
510,2024091501001980,NABIL,56,6,82,580.00,"47,560.00"
511,2024091501001979,NABIL,77,6,50,580.00,"29,000.00"
512,2024091501001923,NABIL,49,6,200,580.00,"116,000.00"
513,2024091501001877,NABIL,53,6,77,580.00,"44,660.00"
514,2024091501001876,NABIL,53,45,500,580.00,"290,000.00"
515,2024091501002138,NABIL,58,57,39,581.00,"22,659.00"
516,2024091501002108,NABIL,58,53,11,581.00,"6,391.00"
517,2024091501002071,NABIL,48,53,50,581.00,"29,050.00"
518,2024091501002060,NABIL,21,44,200,580.00,"116,000.00"
519,2024091501002055,NABIL,41,53,39,581.00,"22,659.00"
520,2024091501002007,NABIL,21,40,200,580.00,"116,000.00"
521,2024091501002401,NABIL,49,8,50,584.90,"29,245.00"
522,2024091501002364,NABIL,11,8,33,584.90,"19,301.70"
523,2024091501002219,NABIL,11,19,67,581.70,"38,973.90"
524,2024091501002216,NABIL,56,38,20,580.00,"11,600.00"
525,2024091501002140,NABIL,56,57,329,580.00,"190,820.00"
526,2024091501002139,NABIL,55,57,69,580.00,"40,020.00"
527,2024091501002484,NABIL,52,17,100,585.00,"58,500.00"
528,2024091501002471,NABIL,58,11,32,584.90,"18,716.80"
529,2024091501002459,NABIL,34,11,34,584.90,"19,886.60"
530,2024091501002412,NABIL,58,11,200,584.90,"116,980.00"
531,2024091501002406,NABIL,56,11,334,584.90,"195,356.60"
532,2024091501002405,NABIL,56,8,17,584.90,"9,943.30"
533,2024091501002547,NABIL,53,57,280,585.00,"163,800.00"
534,2024091501002546,NABIL,53,6,220,585.00,"128,700.00"
535,2024091501002531,NABIL,41,6,150,585.00,"87,750.00"
536,2024091501002530,NABIL,57,6,30,585.00,"17,550.00"
537,2024091501002515,NABIL,34,6,30,585.00,"17,550.00"
538,2024091501002485,NABIL,52,6,70,585.00,"40,950.00"
539,2024091501002768,NABIL,47,38,188,585.00,"109,980.00"
540,2024091501002613,NABIL,47,100,612,585.00,"358,020.00"
541,2024091501002578,NABIL,43,100,81,585.00,"47,385.00"
542,2024091501002573,NABIL,58,38,48,585.00,"28,080.00"
543,2024091501002572,NABIL,58,40,100,585.00,"58,500.00"
544,2024091501002571,NABIL,58,57,520,585.00,"304,200.00"
545,2024091501002975,NABIL,34,25,40,587.00,"23,480.00"
546,2024091501002972,NABIL,34,18,10,587.00,"5,870.00"
547,2024091501002968,NABIL,19,18,10,587.00,"5,870.00"
548,2024091501002926,NABIL,58,38,12,586.00,"7,032.00"
549,2024091501002899,NABIL,58,55,30,586.00,"17,580.00"
550,2024091501002815,NABIL,33,55,20,586.00,"11,720.00"
551,2024091501002981,NABIL,36,25,222,580.00,"128,760.00"
552,2024091501002980,NABIL,33,25,50,584.20,"29,210.00"
553,2024091501002979,NABIL,57,25,500,585.00,"292,500.00"
554,2024091501002978,NABIL,38,25,80,585.00,"46,800.00"
555,2024091501002977,NABIL,14,25,50,586.00,"29,300.00"
556,2024091501002976,NABIL,58,25,58,586.00,"33,988.00"
557,2024091501003256,NABIL,58,35,50,587.90,"29,395.00"
558,2024091501003209,NABIL,42,35,25,587.90,"14,697.50"
559,2024091501003164,NABIL,58,6,20,588.00,"11,760.00"
560,2024091501003112,NABIL,40,6,100,588.00,"58,800.00"
561,2024091501003045,NABIL,57,6,10,588.00,"5,880.00"
562,2024091501003044,NABIL,57,42,10,588.00,"5,880.00"
563,2024091501003389,NABIL,43,59,500,588.00,"294,000.00"
564,2024091501003388,NABIL,43,6,170,588.00,"99,960.00"
565,2024091501003373,NABIL,58,54,20,587.90,"11,758.00"
566,2024091501003356,NABIL,58,62,30,587.90,"17,637.00"
567,2024091501003351,NABIL,58,10,14,587.90,"8,230.60"
568,2024091501003333,NABIL,58,35,25,587.90,"14,697.50"
569,2024091501003672,NABIL,58,50,159,587.00,"93,333.00"
570,2024091501003646,NABIL,87,49,10,588.50,"5,885.00"
571,2024091501003527,NABIL,43,50,159,587.00,"93,333.00"
572,2024091501003469,NABIL,58,50,11,587.90,"6,466.90"
573,2024091501003468,NABIL,16,50,30,588.00,"17,640.00"
574,2024091501003460,NABIL,43,32,300,588.40,"176,520.00"
575,2024091501003908,NABIL,49,22,500,588.00,"294,000.00"
576,2024091501003885,NABIL,7,6,100,588.00,"58,800.00"
577,2024091501003880,NABIL,58,49,100,588.50,"58,850.00"
578,2024091501003861,NABIL,7,6,100,588.00,"58,800.00"
579,2024091501003841,NABIL,34,42,19,588.00,"11,172.00"
580,2024091501003730,NABIL,38,46,40,587.00,"23,480.00"
581,2024091501004043,NABIL,45,49,50,588.50,"29,425.00"
582,2024091501004004,NABIL,26,49,50,588.50,"29,425.00"
583,2024091501004000,NABIL,57,49,100,588.50,"58,850.00"
584,2024091501003989,NABIL,49,11,10,588.00,"5,880.00"
585,2024091501003988,NABIL,56,11,50,588.00,"29,400.00"
586,2024091501003976,NABIL,55,49,15,588.50,"8,827.50"
587,2024091501004211,NABIL,49,56,100,588.00,"58,800.00"
588,2024091501004189,NABIL,49,49,317,588.00,"186,396.00"
589,2024091501004188,NABIL,42,49,83,588.70,"48,862.10"
590,2024091501004133,NABIL,42,6,17,588.70,"10,007.90"
591,2024091501004124,NABIL,34,50,488,588.90,"287,383.20"
592,2024091501004068,NABIL,34,14,12,588.50,"7,062.00"
593,2024091501004342,NABIL,57,17,10,590.00,"5,900.00"
594,2024091501004304,NABIL,44,25,98,589.90,"57,810.20"
595,2024091501004303,NABIL,53,56,52,588.00,"30,576.00"
596,2024091501004302,NABIL,49,56,48,588.00,"28,224.00"
597,2024091501004272,NABIL,19,25,20,589.90,"11,798.00"
598,2024091501004230,NABIL,49,58,25,588.00,"14,700.00"
599,2024091501004427,NABIL,47,34,91,590.00,"53,690.00"
600,2024091501004362,NABIL,54,65,100,590.00,"59,000.00"
601,2024091501004361,NABIL,54,6,300,590.00,"177,000.00"
602,2024091501004360,NABIL,54,48,20,590.00,"11,800.00"
603,2024091501004359,NABIL,54,22,80,590.00,"47,200.00"
604,2024091501004343,NABIL,57,22,20,590.00,"11,800.00"
605,2024091501004494,NABIL,53,5,460,590.00,"271,400.00"
606,2024091501004465,NABIL,42,49,12,588.00,"7,056.00"
607,2024091501004458,NABIL,55,49,50,588.00,"29,400.00"
608,2024091501004457,NABIL,53,49,148,588.00,"87,024.00"
609,2024091501004456,NABIL,34,49,20,588.10,"11,762.00"
610,2024091501004428,NABIL,47,5,40,590.00,"23,600.00"
611,2024091501004799,NABIL,42,43,35,588.00,"20,580.00"
612,2024091501004743,NABIL,42,14,53,588.50,"31,190.50"
613,2024091501004742,NABIL,38,14,20,588.60,"11,772.00"
614,2024091501004625,NABIL,41,43,10,589.90,"5,899.00"
615,2024091501004517,NABIL,42,14,100,588.50,"58,850.00"
616,2024091501004495,NABIL,53,11,40,590.00,"23,600.00"
617,2024091501004842,NABIL,56,14,41,587.00,"24,067.00"
618,2024091501004829,NABIL,56,6,159,587.00,"93,333.00"
619,2024091501004828,NABIL,54,6,30,587.00,"17,610.00"
620,2024091501004813,NABIL,38,58,18,587.00,"10,566.00"
621,2024091501004801,NABIL,38,43,42,587.00,"24,654.00"
622,2024091501004800,NABIL,48,43,13,588.00,"7,644.00"
623,2024091501005019,NABIL,58,14,20,587.00,"11,740.00"
624,2024091501004999,NABIL,29,62,800,586.00,"468,800.00"
625,2024091501004945,NABIL,29,62,20,586.00,"11,720.00"
626,2024091501004910,NABIL,29,51,10,586.00,"5,860.00"
627,2024091501004893,NABIL,19,59,30,586.10,"17,583.00"
628,2024091501004846,NABIL,42,14,17,587.00,"9,979.00"
629,2024091501005096,NABIL,52,29,200,586.00,"117,200.00"
630,2024091501005092,NABIL,52,93,150,586.00,"87,900.00"
631,2024091501005091,NABIL,29,93,20,586.00,"11,720.00"
632,2024091501005088,NABIL,29,13,100,586.00,"58,600.00"
633,2024091501005057,NABIL,29,50,"1,000",586.00,"586,000.00"
634,2024091501005039,NABIL,29,48,50,586.00,"29,300.00"
635,2024091501005180,NABIL,42,39,50,587.00,"29,350.00"
636,2024091501005179,NABIL,42,26,200,587.00,"117,400.00"
637,2024091501005178,NABIL,42,29,84,587.00,"49,308.00"
638,2024091501005169,NABIL,52,29,16,587.00,"9,392.00"
639,2024091501005168,NABIL,52,14,24,587.00,"14,088.00"
640,2024091501005138,NABIL,52,11,"1,000",586.00,"586,000.00"
641,2024091501005311,NABIL,58,43,296,587.00,"173,752.00"
642,2024091501005253,NABIL,16,43,50,587.00,"29,350.00"
643,2024091501005234,NABIL,42,43,154,587.00,"90,398.00"
644,2024091501005221,NABIL,42,43,346,587.00,"203,102.00"
645,2024091501005212,NABIL,42,43,154,587.00,"90,398.00"
646,2024091501005181,NABIL,42,49,12,587.00,"7,044.00"
647,2024091501005402,NABIL,34,11,500,585.00,"292,500.00"
648,2024091501005401,NABIL,58,11,50,585.00,"29,250.00"
649,2024091501005358,NABIL,52,45,350,586.00,"205,100.00"
650,2024091501005357,NABIL,19,45,25,586.10,"14,652.50"
651,2024091501005347,NABIL,53,43,200,587.00,"117,400.00"
652,2024091501005312,NABIL,58,26,200,587.00,"117,400.00"
653,2024091501005408,NABIL,45,11,30,582.00,"17,460.00"
654,2024091501005407,NABIL,35,11,100,582.00,"58,200.00"
655,2024091501005406,NABIL,58,11,20,583.00,"11,660.00"
656,2024091501005405,NABIL,55,11,55,585.00,"32,175.00"
657,2024091501005404,NABIL,13,11,10,585.00,"5,850.00"
658,2024091501005403,NABIL,45,11,100,585.00,"58,500.00"
659,2024091501005582,NABIL,14,29,13,581.00,"7,553.00"
660,2024091501005552,NABIL,53,34,30,586.90,"17,607.00"
661,2024091501005463,NABIL,36,36,13,580.00,"7,540.00"
662,2024091501005448,NABIL,13,43,300,587.00,"176,100.00"
663,2024091501005425,NABIL,53,45,125,586.00,"73,250.00"
664,2024091501005409,NABIL,36,11,135,580.00,"78,300.00"
665,2024091501005756,NABIL,4,43,83,587.00,"48,721.00"
666,2024091501005733,NABIL,94,43,300,587.00,"176,100.00"
667,2024091501005674,NABIL,19,43,35,587.00,"20,545.00"
668,2024091501005654,NABIL,29,7,10,586.90,"5,869.00"
669,2024091501005653,NABIL,29,45,10,586.70,"5,867.00"
670,2024091501005585,NABIL,14,43,82,587.00,"48,134.00"
671,2024091501005889,NABIL,16,72,36,587.00,"21,132.00"
672,2024091501005858,NABIL,29,39,68,586.90,"39,909.20"
673,2024091501005850,NABIL,29,45,100,586.90,"58,690.00"
674,2024091501005847,NABIL,53,72,64,587.00,"37,568.00"
675,2024091501005846,NABIL,53,43,411,587.00,"241,257.00"
676,2024091501005775,NABIL,29,49,500,586.90,"293,450.00"
677,2024091501006027,NABIL,29,49,500,586.90,"293,450.00"
678,2024091501006014,NABIL,29,22,10,586.90,"5,869.00"
679,2024091501005943,NABIL,29,1,240,586.90,"140,856.00"
680,2024091501005910,NABIL,47,11,114,587.00,"66,918.00"
681,2024091501005909,NABIL,47,29,86,587.00,"50,482.00"
682,2024091501005890,NABIL,16,29,14,587.00,"8,218.00"
683,2024091501006450,NABIL,47,22,44,587.00,"25,828.00"
684,2024091501006449,NABIL,47,11,56,587.00,"32,872.00"
685,2024091501006361,NABIL,38,58,10,586.00,"5,860.00"
686,2024091501006242,NABIL,13,38,90,586.90,"52,821.00"
687,2024091501006241,NABIL,29,38,307,586.90,"180,178.30"
688,2024091501006209,NABIL,25,11,30,587.00,"17,610.00"
689,2024091501006662,NABIL,21,43,100,587.20,"58,720.00"
690,2024091501006620,NABIL,42,57,100,587.10,"58,710.00"
691,2024091501006456,NABIL,42,48,100,587.00,"58,700.00"
692,2024091501006455,NABIL,42,35,140,587.00,"82,180.00"
693,2024091501006454,NABIL,42,22,156,587.00,"91,572.00"
694,2024091501006453,NABIL,38,22,50,587.00,"29,350.00"
695,2024091501007181,NABIL,32,39,50,587.10,"29,355.00"
696,2024091501007143,NABIL,58,43,100,587.20,"58,720.00"
697,2024091501006877,NABIL,4,43,30,587.20,"17,616.00"
698,2024091501006791,NABIL,53,26,200,587.00,"117,400.00"
699,2024091501006788,NABIL,42,43,50,587.20,"29,360.00"
700,2024091501006668,NABIL,53,51,37,587.00,"21,719.00"
701,2024091501007259,NABIL,58,37,25,587.00,"14,675.00"
702,2024091501007226,NABIL,58,49,102,587.00,"59,874.00"
703,2024091501007185,NABIL,58,39,307,587.00,"180,209.00"
704,2024091501007184,NABIL,45,39,70,587.00,"41,090.00"
705,2024091501007183,NABIL,36,39,10,587.00,"5,870.00"
706,2024091501007182,NABIL,53,39,63,587.00,"36,981.00"
707,2024091501007762,NABIL,54,29,80,587.10,"46,968.00"
708,2024091501007705,NABIL,54,52,20,587.10,"11,742.00"
709,2024091501007699,NABIL,17,52,80,587.10,"46,968.00"
710,2024091501007496,NABIL,5,43,50,587.20,"29,360.00"
711,2024091501007404,NABIL,58,43,43,587.20,"25,249.60"
712,2024091501007400,NABIL,41,43,17,587.20,"9,982.40"
713,2024091501008022,NABIL,32,4,50,585.10,"29,255.00"
714,2024091501007911,NABIL,48,42,106,586.00,"62,116.00"
715,2024091501007910,NABIL,1,42,15,586.00,"8,790.00"
716,2024091501007909,NABIL,55,42,50,586.00,"29,300.00"
717,2024091501007908,NABIL,35,42,10,586.00,"5,860.00"
718,2024091501007828,NABIL,4,29,10,587.00,"5,870.00"
719,2024091501008113,NABIL,42,51,36,585.00,"21,060.00"
720,2024091501008112,NABIL,20,51,14,585.00,"8,190.00"
721,2024091501008108,NABIL,20,47,10,585.00,"5,850.00"
722,2024091501008025,NABIL,20,4,176,585.00,"102,960.00"
723,2024091501008024,NABIL,54,4,50,585.00,"29,250.00"
724,2024091501008023,NABIL,49,4,25,585.00,"14,625.00"
725,2024091501008391,NABIL,45,4,50,583.90,"29,195.00"
726,2024091501008390,NABIL,4,4,75,584.20,"43,815.00"
727,2024091501008157,NABIL,17,49,10,585.00,"5,850.00"
728,2024091501008120,NABIL,39,16,10,585.00,"5,850.00"
729,2024091501008119,NABIL,57,16,70,585.00,"40,950.00"
730,2024091501008118,NABIL,42,16,464,585.00,"271,440.00"
731,2024091501008575,NABIL,29,29,10,587.00,"5,870.00"
732,2024091501008574,NABIL,29,42,380,585.00,"222,300.00"
733,2024091501008573,NABIL,29,49,30,585.00,"17,550.00"
734,2024091501008473,NABIL,59,46,50,583.10,"29,155.00"
735,2024091501008430,NABIL,1,98,500,583.00,"291,500.00"
736,2024091501008392,NABIL,1,4,303,583.00,"176,649.00"
737,2024091501008883,NABIL,5,17,170,585.00,"99,450.00"
738,2024091501008882,NABIL,50,17,100,585.10,"58,510.00"
739,2024091501008820,NABIL,19,13,15,587.00,"8,805.00"
740,2024091501008694,NABIL,1,13,48,587.00,"28,176.00"
741,2024091501008577,NABIL,29,43,280,587.20,"164,416.00"
742,2024091501008576,NABIL,29,58,300,587.00,"176,100.00"
743,2024091501009034,NABIL,50,39,47,584.10,"27,452.70"
744,2024091501009021,NABIL,58,16,12,586.00,"7,032.00"
745,2024091501009020,NABIL,58,52,77,586.00,"45,122.00"
746,2024091501009019,NABIL,58,6,11,585.00,"6,435.00"
747,2024091501008885,NABIL,50,17,130,584.10,"75,933.00"
748,2024091501008884,NABIL,58,17,100,585.00,"58,500.00"
749,2024091501009403,NABIL,42,59,56,585.00,"32,760.00"
750,2024091501009402,NABIL,11,59,22,585.00,"12,870.00"
751,2024091501009345,NABIL,11,16,13,585.00,"7,605.00"
752,2024091501009263,NABIL,11,13,165,585.00,"96,525.00"
753,2024091501009262,NABIL,41,13,35,585.00,"20,475.00"
754,2024091501009220,NABIL,41,14,50,585.00,"29,250.00"
755,2024091501009608,NABIL,42,5,207,585.00,"121,095.00"
756,2024091501009603,NABIL,62,14,10,585.90,"5,859.00"
757,2024091501009515,NABIL,42,34,100,585.00,"58,500.00"
758,2024091501009461,NABIL,42,17,100,585.00,"58,500.00"
759,2024091501009456,NABIL,89,14,10,585.90,"5,859.00"
760,2024091501009418,NABIL,42,13,37,585.00,"21,645.00"
761,2024091501009771,NABIL,50,54,23,584.10,"13,434.30"
762,2024091501009710,NABIL,35,38,100,584.20,"58,420.00"
763,2024091501009686,NABIL,35,6,25,584.20,"14,605.00"
764,2024091501009681,NABIL,35,50,50,584.20,"29,210.00"
765,2024091501009665,NABIL,35,62,10,584.20,"5,842.00"
766,2024091501009614,NABIL,35,6,15,584.20,"8,763.00"
767,2024091501009819,NABIL,59,42,180,583.10,"104,958.00"
768,2024091501009818,NABIL,11,42,120,583.20,"69,984.00"
769,2024091501009775,NABIL,22,54,50,584.00,"29,200.00"
770,2024091501009774,NABIL,35,54,10,584.00,"5,840.00"
771,2024091501009773,NABIL,51,54,134,584.00,"78,256.00"
772,2024091501009772,NABIL,80,54,100,584.00,"58,400.00"
773,2024091501009964,NABIL,6,1,200,583.00,"116,600.00"
774,2024091501009963,NABIL,1,1,749,583.00,"436,667.00"
775,2024091501009962,NABIL,57,1,70,583.10,"40,817.00"
776,2024091501009867,NABIL,57,46,30,583.10,"17,493.00"
777,2024091501009866,NABIL,32,46,100,583.10,"58,310.00"
778,2024091501009865,NABIL,59,46,370,583.10,"215,747.00"
779,2024091501010155,NABIL,49,36,10,582.00,"5,820.00"
780,2024091501010154,NABIL,38,36,17,582.00,"9,894.00"
781,2024091501010104,NABIL,38,46,20,583.00,"11,660.00"
782,2024091501010103,NABIL,49,46,10,583.00,"5,830.00"
783,2024091501009997,NABIL,7,25,23,583.00,"13,409.00"
784,2024091501009965,NABIL,7,1,27,583.00,"15,741.00"
785,2024091501010536,NABIL,38,54,93,584.00,"54,312.00"
786,2024091501010454,NABIL,6,54,90,584.00,"52,560.00"
787,2024091501010453,NABIL,6,41,10,583.50,"5,835.00"
788,2024091501010342,NABIL,42,58,11,583.00,"6,413.00"
789,2024091501010341,NABIL,42,46,147,583.00,"85,701.00"
790,2024091501010156,NABIL,43,36,16,582.00,"9,312.00"
791,2024091501010793,NABIL,6,58,90,585.00,"52,650.00"
792,2024091501010714,NABIL,26,17,50,584.20,"29,210.00"
793,2024091501010644,NABIL,41,17,50,584.20,"29,210.00"
794,2024091501010620,NABIL,49,41,10,584.00,"5,840.00"
795,2024091501010596,NABIL,49,42,158,584.00,"92,272.00"
796,2024091501010568,NABIL,28,54,500,584.00,"292,000.00"
797,2024091501011021,NABIL,58,55,200,585.00,"117,000.00"
798,2024091501010940,NABIL,5,55,20,585.00,"11,700.00"
799,2024091501010914,NABIL,58,55,364,585.00,"212,940.00"
800,2024091501010901,NABIL,58,44,79,585.00,"46,215.00"
801,2024091501010900,NABIL,58,58,57,585.00,"33,345.00"
802,2024091501010858,NABIL,22,49,10,584.50,"5,845.00"
803,2024091501011226,NABIL,57,58,117,584.50,"68,386.50"
804,2024091501011217,NABIL,42,58,150,584.50,"87,675.00"
805,2024091501011210,NABIL,49,58,100,584.50,"58,450.00"
806,2024091501011165,NABIL,42,58,90,584.50,"52,605.00"
807,2024091501011120,NABIL,42,41,10,584.50,"5,845.00"
808,2024091501011027,NABIL,58,55,100,585.00,"58,500.00"
809,2024091501011456,NABIL,13,14,39,584.60,"22,799.40"
810,2024091501011455,NABIL,58,14,11,584.60,"6,430.60"
811,2024091501011454,NABIL,13,55,100,585.00,"58,500.00"
812,2024091501011337,NABIL,54,55,10,585.00,"5,850.00"
813,2024091501011245,NABIL,55,55,92,585.00,"53,820.00"
814,2024091501011244,NABIL,55,34,208,584.60,"121,596.80"
815,2024091501011630,NABIL,44,56,10,584.90,"5,849.00"
816,2024091501011545,NABIL,42,56,45,584.90,"26,320.50"
817,2024091501011498,NABIL,58,43,59,584.60,"34,491.40"
818,2024091501011497,NABIL,13,43,41,584.60,"23,968.60"
819,2024091501011486,NABIL,52,55,10,585.00,"5,850.00"
820,2024091501011481,NABIL,13,57,20,584.60,"11,692.00"
821,2024091501011733,NABIL,46,51,10,584.00,"5,840.00"
822,2024091501011732,NABIL,38,51,200,584.00,"116,800.00"
823,2024091501011731,NABIL,38,51,250,584.20,"146,050.00"
824,2024091501011730,NABIL,58,51,24,584.60,"14,030.40"
825,2024091501011716,NABIL,58,34,47,584.60,"27,476.20"
826,2024091501011715,NABIL,6,34,11,584.70,"6,431.70"
827,2024091501011824,NABIL,17,13,350,583.10,"204,085.00"
828,2024091501011794,NABIL,57,34,291,584.00,"169,944.00"
829,2024091501011737,NABIL,57,51,92,584.00,"53,728.00"
830,2024091501011736,NABIL,58,51,40,584.00,"23,360.00"
831,2024091501011735,NABIL,13,51,100,584.00,"58,400.00"
832,2024091501011734,NABIL,49,51,100,584.00,"58,400.00"
833,2024091501012293,NABIL,29,34,10,583.20,"5,832.00"
834,2024091501012235,NABIL,17,41,120,583.10,"69,972.00"
835,2024091501012234,NABIL,17,41,150,583.10,"87,465.00"
836,2024091501012184,NABIL,58,42,15,583.20,"8,748.00"
837,2024091501012172,NABIL,49,21,10,584.00,"5,840.00"
838,2024091501011917,NABIL,41,21,222,584.00,"129,648.00"
839,2024091501012515,NABIL,45,21,88,584.00,"51,392.00"
840,2024091501012448,NABIL,58,21,10,584.00,"5,840.00"
841,2024091501012436,NABIL,34,21,170,584.00,"99,280.00"
842,2024091501012399,NABIL,14,25,180,583.90,"105,102.00"
843,2024091501012375,NABIL,17,13,93,583.10,"54,228.30"
844,2024091501012374,NABIL,29,13,40,583.20,"23,328.00"
845,2024091501012673,NABIL,28,11,29,583.40,"16,918.60"
846,2024091501012672,NABIL,1,11,500,583.50,"291,750.00"
847,2024091501012671,NABIL,46,11,26,584.00,"15,184.00"
848,2024091501012640,NABIL,46,41,10,584.00,"5,840.00"
849,2024091501012639,NABIL,46,21,478,584.00,"279,152.00"
850,2024091501012516,NABIL,45,21,12,584.00,"7,008.00"
851,2024091501013238,NABIL,34,41,10,584.90,"5,849.00"
852,2024091501013102,NABIL,11,57,100,584.90,"58,490.00"
853,2024091501012998,NABIL,42,16,25,584.00,"14,600.00"
854,2024091501012840,NABIL,28,55,154,585.00,"90,090.00"
855,2024091501012839,NABIL,28,56,17,584.90,"9,943.30"
856,2024091501012815,NABIL,58,34,50,584.20,"29,210.00"
857,2024091501013835,NABIL,76,55,120,585.00,"70,200.00"
858,2024091501013772,NABIL,58,55,20,585.00,"11,700.00"
859,2024091501013736,NABIL,43,45,50,584.00,"29,200.00"
860,2024091501013735,NABIL,46,45,30,584.00,"17,520.00"
861,2024091501013734,NABIL,42,45,120,584.00,"70,080.00"
862,2024091501013711,NABIL,42,42,100,584.00,"58,400.00"
863,2024091501014013,NABIL,58,57,50,585.00,"29,250.00"
864,2024091501014012,NABIL,58,58,23,585.00,"13,455.00"
865,2024091501014011,NABIL,58,4,20,585.00,"11,700.00"
866,2024091501014010,NABIL,58,55,51,585.00,"29,835.00"
867,2024091501013847,NABIL,42,46,680,584.00,"397,120.00"
868,2024091501013846,NABIL,43,46,20,584.00,"11,680.00"
869,2024091501014028,NABIL,40,41,10,585.00,"5,850.00"
870,2024091501014027,NABIL,40,45,20,585.00,"11,700.00"
871,2024091501014026,NABIL,40,17,100,585.00,"58,500.00"
872,2024091501014025,NABIL,40,41,150,585.00,"87,750.00"
873,2024091501014024,NABIL,40,42,44,585.00,"25,740.00"
874,2024091501014014,NABIL,58,42,56,585.00,"32,760.00"
875,2024091501014275,NABIL,56,41,12,585.50,"7,026.00"
876,2024091501014257,NABIL,56,22,100,585.50,"58,550.00"
877,2024091501014246,NABIL,40,42,100,585.00,"58,500.00"
878,2024091501014129,NABIL,40,14,19,585.00,"11,115.00"
879,2024091501014073,NABIL,40,32,112,585.00,"65,520.00"
880,2024091501014048,NABIL,40,1,50,585.00,"29,250.00"
881,2024091501014577,NABIL,49,16,700,585.80,"410,060.00"
882,2024091501014499,NABIL,6,16,10,585.80,"5,858.00"
883,2024091501014495,NABIL,56,57,10,585.50,"5,855.00"
884,2024091501014412,NABIL,56,45,18,585.50,"10,539.00"
885,2024091501014408,NABIL,56,41,10,585.50,"5,855.00"
886,2024091501014324,NABIL,45,16,255,585.80,"149,379.00"
887,2024091501014841,NABIL,40,58,70,585.00,"40,950.00"
888,2024091501014753,NABIL,40,49,10,585.00,"5,850.00"
889,2024091501014751,NABIL,56,16,55,585.80,"32,219.00"
890,2024091501014592,NABIL,40,44,79,585.00,"46,215.00"
891,2024091501014585,NABIL,32,16,50,585.80,"29,290.00"
892,2024091501014581,NABIL,56,41,50,585.50,"29,275.00"
893,2024091501014975,NABIL,42,14,47,584.00,"27,448.00"
894,2024091501014974,NABIL,34,14,100,584.10,"58,410.00"
895,2024091501014973,NABIL,53,14,20,585.00,"11,700.00"
896,2024091501014972,NABIL,21,14,23,585.00,"13,455.00"
897,2024091501014971,NABIL,40,14,76,585.00,"44,460.00"
898,2024091501014964,NABIL,40,14,60,585.00,"35,100.00"
899,2024091501015116,NABIL,21,14,100,585.90,"58,590.00"
900,2024091501015077,NABIL,50,43,100,585.70,"58,570.00"
901,2024091501015012,NABIL,45,14,282,585.90,"165,223.80"
902,2024091501015011,NABIL,45,16,218,585.80,"127,704.40"
903,2024091501014998,NABIL,80,38,177,584.00,"103,368.00"
904,2024091501014997,NABIL,42,38,129,584.00,"75,336.00"
905,2024091501015523,NABIL,22,17,57,585.00,"33,345.00"
906,2024091501015385,NABIL,22,43,78,585.00,"45,630.00"
907,2024091501015338,NABIL,22,38,10,585.00,"5,850.00"
908,2024091501015209,NABIL,17,14,500,585.90,"292,950.00"
909,2024091501015172,NABIL,17,14,500,585.90,"292,950.00"
910,2024091501015118,NABIL,17,14,287,585.90,"168,153.30"
911,2024091501016177,NABIL,51,17,30,585.00,"17,550.00"
912,2024091501016116,NABIL,28,50,500,584.50,"292,250.00"
913,2024091501016115,NABIL,28,50,500,584.50,"292,250.00"
914,2024091501015847,NABIL,41,17,19,585.00,"11,115.00"
915,2024091501015763,NABIL,42,17,60,585.00,"35,100.00"
916,2024091501015762,NABIL,22,17,25,585.00,"14,625.00"
917,2024091501016264,NABIL,21,43,208,584.00,"121,472.00"
918,2024091501016263,NABIL,17,43,100,584.00,"58,400.00"
919,2024091501016262,NABIL,42,43,50,584.00,"29,200.00"
920,2024091501016261,NABIL,80,43,23,584.00,"13,432.00"
921,2024091501016260,NABIL,21,43,21,584.10,"12,266.10"
922,2024091501016190,NABIL,42,5,86,584.50,"50,267.00"
923,2024091501016614,NABIL,58,16,59,584.00,"34,456.00"
924,2024091501016613,NABIL,21,16,292,584.00,"170,528.00"
925,2024091501016603,NABIL,39,16,45,584.10,"26,284.50"
926,2024091501016595,NABIL,39,49,30,584.10,"17,523.00"
927,2024091501016584,NABIL,39,55,25,584.10,"14,602.50"
928,2024091501016429,NABIL,58,5,50,584.50,"29,225.00"
929,2024091501016659,NABIL,58,16,25,583.00,"14,575.00"
930,2024091501016658,NABIL,32,16,20,583.00,"11,660.00"
931,2024091501016657,NABIL,65,16,90,583.00,"52,470.00"
932,2024091501016656,NABIL,46,16,10,583.00,"5,830.00"
933,2024091501016655,NABIL,42,16,92,583.00,"53,636.00"
934,2024091501016642,NABIL,57,16,50,583.10,"29,155.00"
935,2024091501016834,NABIL,33,6,295,583.00,"171,985.00"
936,2024091501016791,NABIL,33,38,105,583.00,"61,215.00"
937,2024091501016790,NABIL,14,38,100,583.00,"58,300.00"
938,2024091501016789,NABIL,58,38,45,583.00,"26,235.00"
939,2024091501016764,NABIL,58,16,10,583.00,"5,830.00"
940,2024091501016693,NABIL,58,32,20,583.00,"11,660.00"
941,2024091501016968,NABIL,46,42,10,582.00,"5,820.00"
942,2024091501016958,NABIL,58,56,10,583.00,"5,830.00"
943,2024091501016877,NABIL,34,56,10,583.00,"5,830.00"
944,2024091501016844,NABIL,3,56,100,583.00,"58,300.00"
945,2024091501016843,NABIL,49,56,115,583.00,"67,045.00"
946,2024091501016835,NABIL,49,6,55,583.00,"32,065.00"
947,2024091501017018,NABIL,46,53,10,582.00,"5,820.00"
948,2024091501017017,NABIL,55,53,60,582.00,"34,920.00"
949,2024091501016972,NABIL,55,42,200,582.00,"116,400.00"
950,2024091501016971,NABIL,36,42,10,582.00,"5,820.00"
951,2024091501016970,NABIL,35,42,20,582.00,"11,640.00"
952,2024091501016969,NABIL,58,42,65,582.00,"37,830.00"
953,2024091501017422,NABIL,49,18,10,582.00,"5,820.00"
954,2024091501017421,NABIL,13,18,10,582.00,"5,820.00"
955,2024091501017304,NABIL,49,33,100,582.90,"58,290.00"
956,2024091501017021,NABIL,49,53,20,582.00,"11,640.00"
957,2024091501017020,NABIL,7,53,60,582.00,"34,920.00"
958,2024091501017019,NABIL,58,53,150,582.00,"87,300.00"
959,2024091501017770,NABIL,19,36,15,582.00,"8,730.00"
960,2024091501017742,NABIL,58,39,10,581.90,"5,819.00"
961,2024091501017614,NABIL,51,36,35,582.00,"20,370.00"
962,2024091501017442,NABIL,35,36,40,582.00,"23,280.00"
963,2024091501017424,NABIL,35,18,10,582.00,"5,820.00"
964,2024091501017423,NABIL,39,18,10,582.00,"5,820.00"
965,2024091501018019,NABIL,49,36,10,582.00,"5,820.00"
966,2024091501017961,NABIL,58,53,50,581.90,"29,095.00"
967,2024091501017918,NABIL,38,36,20,582.00,"11,640.00"
968,2024091501017884,NABIL,58,56,15,581.90,"8,728.50"
969,2024091501017808,NABIL,49,36,10,582.00,"5,820.00"
970,2024091501017802,NABIL,58,38,10,581.90,"5,819.00"
971,2024091501018186,NABIL,49,51,10,581.90,"5,819.00"
972,2024091501018178,NABIL,48,51,10,581.90,"5,819.00"
973,2024091501018167,NABIL,38,58,10,581.80,"5,818.00"
974,2024091501018158,NABIL,22,51,50,581.90,"29,095.00"
975,2024091501018093,NABIL,42,51,176,581.90,"102,414.40"
976,2024091501018092,NABIL,58,51,15,581.90,"8,728.50"
977,2024091501018758,NABIL,45,32,39,581.80,"22,690.20"
978,2024091501018506,NABIL,38,32,11,581.80,"6,399.80"
979,2024091501018443,NABIL,14,51,100,581.90,"58,190.00"
980,2024091501018337,NABIL,38,45,17,581.80,"9,890.60"
981,2024091501018328,NABIL,38,58,17,581.80,"9,890.60"
982,2024091501018200,NABIL,38,43,15,581.80,"8,727.00"
983,2024091501018895,NABIL,29,57,200,582.10,"116,420.00"
984,2024091501018882,NABIL,29,57,100,582.10,"58,210.00"
985,2024091501018819,NABIL,29,64,100,582.00,"58,200.00"
986,2024091501018818,NABIL,29,13,20,582.00,"11,640.00"
987,2024091501018817,NABIL,29,7,20,582.00,"11,640.00"
988,2024091501018816,NABIL,29,36,117,582.00,"68,094.00"
989,2024091501019112,NABIL,49,54,100,583.00,"58,300.00"
990,2024091501019049,NABIL,29,11,10,582.10,"5,821.00"
991,2024091501018990,NABIL,29,39,10,582.10,"5,821.00"
992,2024091501018975,NABIL,39,54,15,583.00,"8,745.00"
993,2024091501018919,NABIL,36,54,326,583.00,"190,058.00"
994,2024091501018918,NABIL,36,56,265,583.00,"154,495.00"
995,2024091501019329,NABIL,46,48,26,583.00,"15,158.00"
996,2024091501019328,NABIL,46,48,259,583.00,"150,997.00"
997,2024091501019325,NABIL,45,45,61,584.00,"35,624.00"
998,2024091501019276,NABIL,58,45,10,584.00,"5,840.00"
999,2024091501019224,NABIL,46,42,332,583.00,"193,556.00"
1000,2024091501019223,NABIL,46,54,59,583.00,"34,397.00"
1001,2024091501001873,NABIL,53,92,70,578.90,"40,523.00"
1002,2024091501001872,NABIL,53,41,88,578.70,"50,925.60"
1003,2024091501001759,NABIL,1,14,150,578.00,"86,700.00"
1004,2024091501001683,NABIL,42,41,75,578.70,"43,402.50"
1005,2024091501001642,NABIL,42,92,100,578.90,"57,890.00"
1006,2024091501001627,NABIL,32,92,130,578.90,"75,257.00"
1007,2024091501000339,NABIL,42,51,150,575.00,"86,250.00"
1008,2024091501000332,NABIL,32,51,200,575.00,"115,000.00"
1009,2024091501000321,NABIL,51,51,10,575.00,"5,750.00"
1010,2024091501000315,NABIL,40,58,50,575.00,"28,750.00"
1011,2024091501000310,NABIL,59,58,10,575.00,"5,750.00"
1012,2024091501000276,NABIL,47,45,55,574.00,"31,570.00"
1013,2024091501000399,NABIL,36,51,500,575.00,"287,500.00"
1014,2024091501000393,NABIL,25,51,300,575.00,"172,500.00"
1015,2024091501000392,NABIL,50,51,20,575.00,"11,500.00"
1016,2024091501000382,NABIL,54,51,400,575.00,"230,000.00"
1017,2024091501000344,NABIL,49,51,100,575.00,"57,500.00"
1018,2024091501000343,NABIL,47,56,50,574.00,"28,700.00"
1019,2024091501000515,NABIL,57,33,154,575.00,"88,550.00"
1020,2024091501000514,NABIL,57,21,10,575.00,"5,750.00"
1021,2024091501000513,NABIL,57,51,106,575.00,"60,950.00"
1022,2024091501000498,NABIL,47,51,10,575.00,"5,750.00"
1023,2024091501000435,NABIL,38,51,50,575.00,"28,750.00"
1024,2024091501000422,NABIL,47,45,50,574.00,"28,700.00"
1025,2024091501000667,NABIL,77,6,10,578.00,"5,780.00"
1026,2024091501000596,NABIL,42,52,25,575.00,"14,375.00"
1027,2024091501000559,NABIL,42,11,120,575.00,"69,000.00"
1028,2024091501000558,NABIL,45,11,100,575.00,"57,500.00"
1029,2024091501000557,NABIL,47,11,50,575.00,"28,750.00"
1030,2024091501000556,NABIL,57,11,230,575.00,"132,250.00"
1031,2024091501000895,NABIL,14,48,100,577.00,"57,700.00"
1032,2024091501000857,NABIL,49,6,10,578.00,"5,780.00"
1033,2024091501000837,NABIL,11,6,40,578.00,"23,120.00"
1034,2024091501000823,NABIL,58,6,10,578.00,"5,780.00"
1035,2024091501000808,NABIL,41,50,11,576.50,"6,341.50"
1036,2024091501000807,NABIL,46,50,100,577.00,"57,700.00"
1037,2024091501001177,NABIL,14,41,100,579.00,"57,900.00"
1038,2024091501001176,NABIL,53,41,100,579.00,"57,900.00"
1039,2024091501001145,NABIL,32,48,100,579.00,"57,900.00"
1040,2024091501001144,NABIL,32,6,100,579.00,"57,900.00"
1041,2024091501001055,NABIL,14,55,50,578.00,"28,900.00"
1042,2024091501001054,NABIL,14,6,30,578.00,"17,340.00"
1043,2024091501001271,NABIL,56,11,293,577.00,"169,061.00"
1044,2024091501001240,NABIL,1,11,80,578.00,"46,240.00"
1045,2024091501001239,NABIL,41,11,50,578.00,"28,900.00"
1046,2024091501001238,NABIL,42,11,577,578.00,"333,506.00"
1047,2024091501001224,NABIL,42,36,423,578.00,"244,494.00"
1048,2024091501001223,NABIL,58,36,30,578.00,"17,340.00"
1049,2024091501001502,NABIL,11,45,100,578.00,"57,800.00"
1050,2024091501001459,NABIL,6,45,90,578.00,"52,020.00"
1051,2024091501001423,NABIL,34,41,37,578.80,"21,415.60"
1052,2024091501001422,NABIL,34,13,100,578.70,"57,870.00"
1053,2024091501001357,NABIL,56,34,25,577.00,"14,425.00"
1054,2024091501001345,NABIL,56,45,200,577.00,"115,400.00"
1055,2024091501001568,NABIL,42,46,12,578.70,"6,944.40"
1056,2024091501001540,NABIL,40,46,38,578.70,"21,990.60"
1057,2024091501001539,NABIL,40,58,12,578.50,"6,942.00"
1058,2024091501001510,NABIL,1,45,298,578.00,"172,244.00"
1059,2024091501001509,NABIL,56,45,100,577.00,"57,700.00"
1060,2024091501001507,NABIL,35,45,12,578.00,"6,936.00"
1,2024091601028834,NABIL,59,43,300,561.20,"168,360.00"
2,2024091601028785,NABIL,45,43,20,561.50,"11,230.00"
3,2024091601028784,NABIL,17,43,100,561.60,"56,160.00"
4,2024091601028783,NABIL,22,43,100,561.60,"56,160.00"
5,2024091601028782,NABIL,50,43,37,561.70,"20,782.90"
6,2024091601028781,NABIL,8,43,104,562.00,"58,448.00"
7,2024091601008673,NABIL,14,37,26,566.00,"14,716.00"
8,2024091601008647,NABIL,85,34,20,567.00,"11,340.00"
9,2024091601008905,NABIL,58,4,20,566.00,"11,320.00"
10,2024091601008904,NABIL,1,4,50,566.00,"28,300.00"
11,2024091601008903,NABIL,25,4,12,566.00,"6,792.00"
12,2024091601008889,NABIL,46,40,20,567.00,"11,340.00"
13,2024091601008777,NABIL,22,40,20,567.00,"11,340.00"
14,2024091601008731,NABIL,48,34,20,567.00,"11,340.00"
15,2024091601008911,NABIL,47,4,14,565.00,"7,910.00"
16,2024091601008910,NABIL,46,4,10,565.00,"5,650.00"
17,2024091601008909,NABIL,45,4,15,565.00,"8,475.00"
18,2024091601008908,NABIL,14,4,11,565.00,"6,215.00"
19,2024091601008907,NABIL,40,4,10,565.00,"5,650.00"
20,2024091601008906,NABIL,52,4,168,565.00,"94,920.00"
21,2024091601009697,NABIL,14,42,14,566.00,"7,924.00"
22,2024091601009610,NABIL,49,36,50,566.90,"28,345.00"
23,2024091601009584,NABIL,58,4,100,566.80,"56,680.00"
24,2024091601009548,NABIL,19,40,17,567.00,"9,639.00"
25,2024091601009505,NABIL,45,40,35,567.00,"19,845.00"
26,2024091601008942,NABIL,14,16,1,563.00,563.00
27,2024091601009751,NABIL,88,36,60,566.90,"34,014.00"
28,2024091601009702,NABIL,42,42,465,565.00,"262,725.00"
29,2024091601009701,NABIL,47,42,36,565.00,"20,340.00"
30,2024091601009700,NABIL,4,42,65,565.50,"36,757.50"
31,2024091601009699,NABIL,56,42,200,566.00,"113,200.00"
32,2024091601009698,NABIL,50,42,20,566.00,"11,320.00"
33,2024091601009962,NABIL,49,36,61,566.90,"34,580.90"
34,2024091601009952,NABIL,6,36,50,566.90,"28,345.00"
35,2024091601009869,NABIL,74,36,100,566.90,"56,690.00"
36,2024091601009852,NABIL,21,42,404,565.00,"228,260.00"
37,2024091601009851,NABIL,42,42,89,565.00,"50,285.00"
38,2024091601009850,NABIL,58,42,50,565.50,"28,275.00"
39,2024091601010547,NABIL,21,36,18,566.90,"10,204.20"
40,2024091601010546,NABIL,21,41,82,566.70,"46,469.40"
41,2024091601010496,NABIL,4,41,168,566.70,"95,205.60"
42,2024091601010357,NABIL,19,36,25,566.90,"14,172.50"
43,2024091601010337,NABIL,38,36,18,566.90,"10,204.20"
44,2024091601010312,NABIL,42,36,100,566.90,"56,690.00"
45,2024091601011223,NABIL,45,42,20,566.20,"11,324.00"
46,2024091601011222,NABIL,56,42,200,566.50,"113,300.00"
47,2024091601011002,NABIL,53,53,200,567.00,"113,400.00"
48,2024091601010865,NABIL,55,53,15,567.00,"8,505.00"
49,2024091601010605,NABIL,46,36,18,566.90,"10,204.20"
50,2024091601010574,NABIL,56,36,200,566.90,"113,380.00"
51,2024091601011427,NABIL,56,28,100,566.00,"56,600.00"
52,2024091601011426,NABIL,57,28,40,566.00,"22,640.00"
53,2024091601011263,NABIL,57,5,60,566.00,"33,960.00"
54,2024091601011262,NABIL,22,5,20,566.00,"11,320.00"
55,2024091601011261,NABIL,22,5,20,566.00,"11,320.00"
56,2024091601011224,NABIL,58,42,180,566.10,"101,898.00"
57,2024091601011582,NABIL,17,57,36,565.00,"20,340.00"
58,2024091601011546,NABIL,17,1,264,565.00,"149,160.00"
59,2024091601011545,NABIL,46,1,186,566.00,"105,276.00"
60,2024091601011535,NABIL,46,28,187,566.00,"105,842.00"
61,2024091601011481,NABIL,17,25,50,565.00,"28,250.00"
62,2024091601011428,NABIL,62,28,150,566.00,"84,900.00"
63,2024091601011900,NABIL,35,57,20,565.00,"11,300.00"
64,2024091601011766,NABIL,35,45,136,565.00,"76,840.00"
65,2024091601011765,NABIL,96,45,15,565.00,"8,475.00"
66,2024091601011764,NABIL,67,45,49,565.00,"27,685.00"
67,2024091601011585,NABIL,67,39,51,565.00,"28,815.00"
68,2024091601011583,NABIL,21,57,14,565.00,"7,910.00"
69,2024091601012105,NABIL,22,6,20,565.00,"11,300.00"
70,2024091601012104,NABIL,3,6,10,565.50,"5,655.00"
71,2024091601011942,NABIL,28,17,10,565.00,"5,650.00"
72,2024091601011937,NABIL,38,17,39,565.00,"22,035.00"
73,2024091601011936,NABIL,57,17,17,565.00,"9,605.00"
74,2024091601011935,NABIL,35,17,94,565.00,"53,110.00"
75,2024091601012175,NABIL,46,43,10,564.00,"5,640.00"
76,2024091601012174,NABIL,16,43,15,564.00,"8,460.00"
77,2024091601012173,NABIL,54,43,25,564.00,"14,100.00"
78,2024091601012172,NABIL,34,43,100,564.00,"56,400.00"
79,2024091601012171,NABIL,32,43,230,564.00,"129,720.00"
80,2024091601012106,NABIL,32,6,270,564.00,"152,280.00"
81,2024091601012628,NABIL,1,5,200,566.80,"113,360.00"
82,2024091601012612,NABIL,22,5,50,566.80,"28,340.00"
83,2024091601012570,NABIL,41,53,50,567.00,"28,350.00"
84,2024091601012425,NABIL,16,53,14,567.00,"7,938.00"
85,2024091601012370,NABIL,42,53,20,567.00,"11,340.00"
86,2024091601012176,NABIL,46,43,20,564.00,"11,280.00"
87,2024091601012777,NABIL,45,6,10,564.00,"5,640.00"
88,2024091601012705,NABIL,45,62,76,564.00,"42,864.00"
89,2024091601012704,NABIL,11,62,100,564.00,"56,400.00"
90,2024091601012703,NABIL,46,62,110,564.00,"62,040.00"
91,2024091601012702,NABIL,95,62,14,565.00,"7,910.00"
92,2024091601012701,NABIL,32,33,106,566.00,"59,996.00"
93,2024091601013294,NABIL,21,42,41,563.60,"23,107.60"
94,2024091601012913,NABIL,21,60,59,563.60,"33,252.40"
95,2024091601012912,NABIL,36,60,10,564.00,"5,640.00"
96,2024091601012911,NABIL,19,60,10,564.00,"5,640.00"
97,2024091601012910,NABIL,22,60,20,564.00,"11,280.00"
98,2024091601012909,NABIL,45,60,114,564.00,"64,296.00"
99,2024091601013488,NABIL,21,33,20,564.00,"11,280.00"
100,2024091601013391,NABIL,32,53,72,563.50,"40,572.00"
101,2024091601013339,NABIL,32,47,177,563.50,"99,739.50"
102,2024091601013338,NABIL,11,47,200,563.60,"112,720.00"
103,2024091601013337,NABIL,57,47,23,563.60,"12,962.80"
104,2024091601013295,NABIL,57,42,77,563.60,"43,397.20"
105,2024091601014010,NABIL,45,54,180,564.00,"101,520.00"
106,2024091601013916,NABIL,45,8,10,564.00,"5,640.00"
107,2024091601013824,NABIL,1,34,10,565.00,"5,650.00"
108,2024091601013681,NABIL,45,41,10,564.00,"5,640.00"
109,2024091601013669,NABIL,41,41,20,564.00,"11,280.00"
110,2024091601013668,NABIL,41,33,26,564.00,"14,664.00"
111,2024091601014433,NABIL,40,54,245,564.00,"138,180.00"
112,2024091601014378,NABIL,28,46,19,563.60,"10,708.40"
113,2024091601014377,NABIL,35,46,50,563.60,"28,180.00"
114,2024091601014301,NABIL,17,54,20,564.00,"11,280.00"
115,2024091601014270,NABIL,58,54,20,564.00,"11,280.00"
116,2024091601014011,NABIL,35,54,35,564.00,"19,740.00"
117,2024091601014855,NABIL,34,58,30,564.00,"16,920.00"
118,2024091601014854,NABIL,34,34,37,564.00,"20,868.00"
119,2024091601014853,NABIL,34,54,45,564.00,"25,380.00"
120,2024091601014803,NABIL,38,41,10,563.70,"5,637.00"
121,2024091601014435,NABIL,40,54,455,564.00,"256,620.00"
122,2024091601014434,NABIL,40,54,500,564.00,"282,000.00"
123,2024091601014983,NABIL,32,58,214,563.50,"120,589.00"
124,2024091601014982,NABIL,28,58,76,563.60,"42,833.60"
125,2024091601014981,NABIL,38,58,10,563.70,"5,637.00"
126,2024091601014968,NABIL,40,7,88,565.00,"49,720.00"
127,2024091601014967,NABIL,40,3,12,564.00,"6,768.00"
128,2024091601014939,NABIL,34,3,88,564.00,"49,632.00"
129,2024091601016021,NABIL,13,58,100,564.00,"56,400.00"
130,2024091601015965,NABIL,44,58,70,564.00,"39,480.00"
131,2024091601015964,NABIL,44,42,20,564.00,"11,280.00"
132,2024091601015963,NABIL,44,13,350,564.00,"197,400.00"
133,2024091601015962,NABIL,44,58,60,563.90,"33,834.00"
134,2024091601015620,NABIL,32,21,15,563.50,"8,452.50"
135,2024091601016202,NABIL,42,57,10,563.20,"5,632.00"
136,2024091601016168,NABIL,35,58,20,564.00,"11,280.00"
137,2024091601016113,NABIL,41,58,12,563.30,"6,759.60"
138,2024091601016112,NABIL,21,58,10,563.50,"5,635.00"
139,2024091601016111,NABIL,58,58,100,563.50,"56,350.00"
140,2024091601016110,NABIL,32,58,22,563.50,"12,397.00"
141,2024091601016254,NABIL,40,45,100,563.00,"56,300.00"
142,2024091601016253,NABIL,41,45,14,563.00,"7,882.00"
143,2024091601016252,NABIL,42,45,200,563.00,"112,600.00"
144,2024091601016251,NABIL,46,45,10,563.00,"5,630.00"
145,2024091601016250,NABIL,42,45,18,563.00,"10,134.00"
146,2024091601016249,NABIL,43,45,30,563.10,"16,893.00"
147,2024091601016347,NABIL,32,5,100,563.00,"56,300.00"
148,2024091601016267,NABIL,22,58,44,564.00,"24,816.00"
149,2024091601016258,NABIL,32,45,38,563.00,"21,394.00"
150,2024091601016257,NABIL,58,45,50,563.00,"28,150.00"
151,2024091601016256,NABIL,28,45,20,563.00,"11,260.00"
152,2024091601016255,NABIL,45,45,20,563.00,"11,260.00"
153,2024091601016625,NABIL,6,35,100,563.10,"56,310.00"
154,2024091601016504,NABIL,58,58,30,564.00,"16,920.00"
155,2024091601016424,NABIL,25,58,105,564.00,"59,220.00"
156,2024091601016417,NABIL,35,43,10,563.00,"5,630.00"
157,2024091601016416,NABIL,32,43,282,563.00,"158,766.00"
158,2024091601016376,NABIL,32,58,80,563.00,"45,040.00"
159,2024091601016747,NABIL,43,45,277,564.00,"156,228.00"
160,2024091601016746,NABIL,43,52,200,564.00,"112,800.00"
161,2024091601016745,NABIL,43,58,131,564.00,"73,884.00"
162,2024091601016722,NABIL,6,17,650,563.10,"366,015.00"
163,2024091601016705,NABIL,6,47,50,563.10,"28,155.00"
164,2024091601016682,NABIL,6,51,40,563.10,"22,524.00"
165,2024091601016883,NABIL,1,42,745,563.00,"419,435.00"
166,2024091601016863,NABIL,1,52,100,563.00,"56,300.00"
167,2024091601016760,NABIL,1,56,40,563.00,"22,520.00"
168,2024091601016759,NABIL,35,56,10,563.00,"5,630.00"
169,2024091601016758,NABIL,6,56,150,563.10,"84,465.00"
170,2024091601016755,NABIL,6,13,10,563.10,"5,631.00"
171,2024091601017084,NABIL,45,3,10,563.00,"5,630.00"
172,2024091601017030,NABIL,25,45,33,563.00,"18,579.00"
173,2024091601017029,NABIL,57,45,180,563.00,"101,340.00"
174,2024091601017028,NABIL,35,45,200,563.00,"112,600.00"
175,2024091601017027,NABIL,34,45,10,563.00,"5,630.00"
176,2024091601016884,NABIL,5,42,50,563.00,"28,150.00"
177,2024091601017201,NABIL,55,20,100,562.10,"56,210.00"
178,2024091601017200,NABIL,22,20,10,562.10,"5,621.00"
179,2024091601017199,NABIL,45,20,100,562.20,"56,220.00"
180,2024091601017087,NABIL,22,3,20,563.00,"11,260.00"
181,2024091601017086,NABIL,42,3,20,563.00,"11,260.00"
182,2024091601017085,NABIL,48,3,50,563.00,"28,150.00"
183,2024091601017298,NABIL,42,22,28,562.00,"15,736.00"
184,2024091601017297,NABIL,58,22,10,562.00,"5,620.00"
185,2024091601017296,NABIL,17,22,200,562.00,"112,400.00"
186,2024091601017295,NABIL,7,22,15,562.00,"8,430.00"
187,2024091601017294,NABIL,32,22,73,562.00,"41,026.00"
188,2024091601017202,NABIL,32,20,127,562.00,"71,374.00"
189,2024091601017487,NABIL,34,19,25,562.00,"14,050.00"
190,2024091601017486,NABIL,58,19,86,562.00,"48,332.00"
191,2024091601017413,NABIL,57,3,200,563.00,"112,600.00"
192,2024091601017301,NABIL,58,22,14,562.00,"7,868.00"
193,2024091601017300,NABIL,58,22,50,562.00,"28,100.00"
194,2024091601017299,NABIL,26,22,10,562.00,"5,620.00"
195,2024091601017624,NABIL,36,58,30,564.00,"16,920.00"
196,2024091601017623,NABIL,36,44,22,564.00,"12,408.00"
197,2024091601017563,NABIL,58,42,32,562.00,"17,984.00"
198,2024091601017562,NABIL,66,42,20,562.00,"11,240.00"
199,2024091601017561,NABIL,58,42,48,562.00,"26,976.00"
200,2024091601017488,NABIL,58,19,12,562.00,"6,744.00"
201,2024091601018094,NABIL,42,57,15,564.00,"8,460.00"
202,2024091601018093,NABIL,36,57,71,564.00,"40,044.00"
203,2024091601018012,NABIL,36,54,77,564.00,"43,428.00"
204,2024091601018011,NABIL,49,54,23,564.10,"12,974.30"
205,2024091601017879,NABIL,49,33,47,564.10,"26,512.70"
206,2024091601017719,NABIL,55,7,55,565.00,"31,075.00"
207,2024091601018100,NABIL,45,57,289,562.00,"162,418.00"
208,2024091601018099,NABIL,38,57,15,562.00,"8,430.00"
209,2024091601018098,NABIL,41,57,200,562.00,"112,400.00"
210,2024091601018097,NABIL,46,57,10,562.00,"5,620.00"
211,2024091601018096,NABIL,58,57,38,562.00,"21,356.00"
212,2024091601018095,NABIL,48,57,10,564.00,"5,640.00"
213,2024091601018205,NABIL,16,57,50,562.00,"28,100.00"
214,2024091601018183,NABIL,32,57,50,562.00,"28,100.00"
215,2024091601018155,NABIL,40,57,800,562.00,"449,600.00"
216,2024091601018137,NABIL,29,57,100,562.00,"56,200.00"
217,2024091601018128,NABIL,42,48,12,561.60,"6,739.20"
218,2024091601018118,NABIL,13,57,100,562.00,"56,200.00"
219,2024091601018414,NABIL,42,32,50,561.60,"28,080.00"
220,2024091601018405,NABIL,35,3,10,561.90,"5,619.00"
221,2024091601018362,NABIL,38,34,10,562.00,"5,620.00"
222,2024091601018356,NABIL,21,57,10,562.00,"5,620.00"
223,2024091601018287,NABIL,37,57,25,562.00,"14,050.00"
224,2024091601018261,NABIL,38,57,10,562.00,"5,620.00"
225,2024091601018495,NABIL,58,11,50,562.00,"28,100.00"
226,2024091601018494,NABIL,58,34,10,562.00,"5,620.00"
227,2024091601018458,NABIL,21,32,10,561.40,"5,614.00"
228,2024091601018427,NABIL,49,3,36,561.90,"20,228.40"
229,2024091601018416,NABIL,21,32,14,561.40,"7,859.60"
230,2024091601018415,NABIL,41,32,80,561.50,"44,920.00"
231,2024091601018564,NABIL,11,34,200,562.00,"112,400.00"
232,2024091601018563,NABIL,11,35,12,562.00,"6,744.00"
233,2024091601018542,NABIL,58,35,100,562.00,"56,200.00"
234,2024091601018541,NABIL,36,35,100,562.00,"56,200.00"
235,2024091601018540,NABIL,34,35,100,562.00,"56,200.00"
236,2024091601018496,NABIL,58,35,140,562.00,"78,680.00"
237,2024091601018761,NABIL,62,7,50,565.00,"28,250.00"
238,2024091601018750,NABIL,11,7,10,565.00,"5,650.00"
239,2024091601018719,NABIL,57,45,46,562.00,"25,852.00"
240,2024091601018638,NABIL,22,14,50,562.00,"28,100.00"
241,2024091601018599,NABIL,58,14,40,562.00,"22,480.00"
242,2024091601018592,NABIL,13,14,10,562.00,"5,620.00"
243,2024091601019044,NABIL,52,47,25,562.10,"14,052.50"
244,2024091601019016,NABIL,34,45,71,565.00,"40,115.00"
245,2024091601019015,NABIL,34,7,29,565.00,"16,385.00"
246,2024091601019003,NABIL,25,42,15,562.00,"8,430.00"
247,2024091601018981,NABIL,46,43,12,563.00,"6,756.00"
248,2024091601018802,NABIL,11,7,288,565.00,"162,720.00"
249,2024091601019269,NABIL,34,42,61,565.80,"34,513.80"
250,2024091601019088,NABIL,35,6,20,565.00,"11,300.00"
251,2024091601019087,NABIL,35,21,150,565.00,"84,750.00"
252,2024091601019086,NABIL,35,7,200,565.00,"113,000.00"
253,2024091601019046,NABIL,25,47,375,562.00,"210,750.00"
254,2024091601019045,NABIL,35,47,100,562.10,"56,210.00"
255,2024091601019707,NABIL,46,45,20,565.00,"11,300.00"
256,2024091601019450,NABIL,93,42,10,565.80,"5,658.00"
257,2024091601019440,NABIL,46,57,150,565.00,"84,750.00"
258,2024091601019416,NABIL,46,22,30,565.00,"16,950.00"
259,2024091601019401,NABIL,58,42,25,565.80,"14,145.00"
260,2024091601019297,NABIL,58,42,10,565.80,"5,658.00"
261,2024091601019748,NABIL,42,38,10,565.00,"5,650.00"
262,2024091601019747,NABIL,19,38,35,565.00,"19,775.00"
263,2024091601019746,NABIL,77,38,20,565.00,"11,300.00"
264,2024091601019745,NABIL,39,38,10,565.00,"5,650.00"
265,2024091601019709,NABIL,59,45,10,565.00,"5,650.00"
266,2024091601019708,NABIL,19,45,20,565.00,"11,300.00"
267,2024091601019892,NABIL,45,43,10,563.50,"5,635.00"
268,2024091601019887,NABIL,42,14,500,564.00,"282,000.00"
269,2024091601019857,NABIL,42,38,50,565.00,"28,250.00"
270,2024091601019792,NABIL,42,38,20,565.00,"11,300.00"
271,2024091601019750,NABIL,3,38,20,565.00,"11,300.00"
272,2024091601019749,NABIL,39,38,20,565.00,"11,300.00"
273,2024091601020172,NABIL,4,46,251,563.00,"141,313.00"
274,2024091601020171,NABIL,58,46,10,563.50,"5,635.00"
275,2024091601020170,NABIL,45,46,29,563.50,"16,341.50"
276,2024091601020162,NABIL,45,58,20,563.50,"11,270.00"
277,2024091601020092,NABIL,45,42,65,563.50,"36,627.50"
278,2024091601019986,NABIL,45,49,276,563.50,"155,526.00"
279,2024091601020397,NABIL,49,32,48,562.30,"26,990.40"
280,2024091601020396,NABIL,35,32,72,563.00,"40,536.00"
281,2024091601020371,NABIL,35,25,28,563.00,"15,764.00"
282,2024091601020355,NABIL,51,25,72,563.00,"40,536.00"
283,2024091601020259,NABIL,51,42,28,563.00,"15,764.00"
284,2024091601020258,NABIL,4,42,72,563.00,"40,536.00"
285,2024091601020745,NABIL,35,45,30,562.30,"16,869.00"
286,2024091601020667,NABIL,68,45,41,562.30,"23,054.30"
287,2024091601020548,NABIL,68,22,100,562.30,"56,230.00"
288,2024091601020497,NABIL,68,59,59,562.30,"33,175.70"
289,2024091601020399,NABIL,25,32,590,562.00,"331,580.00"
290,2024091601020398,NABIL,11,32,40,562.30,"22,492.00"
291,2024091601021255,NABIL,45,4,20,563.00,"11,260.00"
292,2024091601021164,NABIL,6,4,25,563.00,"14,075.00"
293,2024091601021053,NABIL,14,17,10,562.50,"5,625.00"
294,2024091601020909,NABIL,14,43,49,562.50,"27,562.50"
295,2024091601020851,NABIL,45,45,20,562.30,"11,246.00"
296,2024091601020836,NABIL,25,35,165,562.00,"92,730.00"
297,2024091601021397,NABIL,48,58,50,563.00,"28,150.00"
298,2024091601021383,NABIL,64,58,150,563.00,"84,450.00"
299,2024091601021375,NABIL,22,35,10,562.50,"5,625.00"
300,2024091601021311,NABIL,19,58,10,563.00,"5,630.00"
301,2024091601021309,NABIL,59,58,45,563.00,"25,335.00"
302,2024091601021308,NABIL,59,4,155,563.00,"87,265.00"
303,2024091601021507,NABIL,81,59,200,563.00,"112,600.00"
304,2024091601021506,NABIL,6,59,70,563.00,"39,410.00"
305,2024091601021480,NABIL,6,57,20,563.00,"11,260.00"
306,2024091601021479,NABIL,6,34,45,563.00,"25,335.00"
307,2024091601021437,NABIL,38,34,355,563.00,"199,865.00"
308,2024091601021436,NABIL,38,58,145,563.00,"81,635.00"
309,2024091601021668,NABIL,58,49,87,562.00,"48,894.00"
310,2024091601021667,NABIL,39,49,113,562.00,"63,506.00"
311,2024091601021546,NABIL,7,59,10,563.00,"5,630.00"
312,2024091601021533,NABIL,39,14,87,562.00,"48,894.00"
313,2024091601021532,NABIL,25,14,149,562.00,"83,738.00"
314,2024091601021531,NABIL,22,14,14,562.50,"7,875.00"
315,2024091601021818,NABIL,38,59,210,563.00,"118,230.00"
316,2024091601021744,NABIL,86,59,300,563.00,"168,900.00"
317,2024091601021721,NABIL,59,8,117,562.00,"65,754.00"
318,2024091601021720,NABIL,19,8,200,562.00,"112,400.00"
319,2024091601021719,NABIL,58,8,180,562.00,"101,160.00"
320,2024091601021718,NABIL,58,8,13,562.00,"7,306.00"
321,2024091601022190,NABIL,41,11,150,563.00,"84,450.00"
322,2024091601022171,NABIL,47,11,50,563.00,"28,150.00"
323,2024091601022119,NABIL,56,5,86,562.00,"48,332.00"
324,2024091601022118,NABIL,39,5,20,562.10,"11,242.00"
325,2024091601021866,NABIL,39,1,80,562.10,"44,968.00"
326,2024091601021819,NABIL,38,4,200,563.00,"112,600.00"
327,2024091601022596,NABIL,49,11,10,563.00,"5,630.00"
328,2024091601022476,NABIL,32,22,60,562.00,"33,720.00"
329,2024091601022339,NABIL,93,11,10,563.00,"5,630.00"
330,2024091601022283,NABIL,32,42,451,562.00,"253,462.00"
331,2024091601022282,NABIL,56,42,64,562.00,"35,968.00"
332,2024091601022254,NABIL,51,11,46,563.00,"25,898.00"
333,2024091601022651,NABIL,14,42,477,561.50,"267,835.50"
334,2024091601022650,NABIL,4,42,113,562.00,"63,506.00"
335,2024091601022606,NABIL,4,45,27,562.00,"15,174.00"
336,2024091601022605,NABIL,58,45,100,562.00,"56,200.00"
337,2024091601022604,NABIL,64,45,80,562.00,"44,960.00"
338,2024091601022603,NABIL,32,45,189,562.00,"106,218.00"
339,2024091601023116,NABIL,58,65,126,562.00,"70,812.00"
340,2024091601023044,NABIL,38,11,26,563.00,"14,638.00"
341,2024091601022990,NABIL,39,11,50,563.00,"28,150.00"
342,2024091601022937,NABIL,6,11,230,563.00,"129,490.00"
343,2024091601022825,NABIL,55,11,170,563.00,"95,710.00"
344,2024091601022808,NABIL,58,47,200,562.00,"112,400.00"
345,2024091601023430,NABIL,58,6,12,562.10,"6,745.20"
346,2024091601023429,NABIL,26,6,10,562.50,"5,625.00"
347,2024091601023334,NABIL,58,57,20,562.10,"11,242.00"
348,2024091601023271,NABIL,39,38,76,562.00,"42,712.00"
349,2024091601023270,NABIL,58,38,114,562.00,"64,068.00"
350,2024091601023159,NABIL,58,49,60,562.00,"33,720.00"
351,2024091601023439,NABIL,65,26,97,562.00,"54,514.00"
352,2024091601023438,NABIL,35,26,53,562.00,"29,786.00"
353,2024091601023437,NABIL,45,26,30,562.00,"16,860.00"
354,2024091601023436,NABIL,58,26,10,562.00,"5,620.00"
355,2024091601023435,NABIL,48,26,10,562.00,"5,620.00"
356,2024091601023431,NABIL,39,6,74,562.00,"41,588.00"
357,2024091601023613,NABIL,58,52,100,561.50,"56,150.00"
358,2024091601023612,NABIL,17,52,40,561.50,"22,460.00"
359,2024091601023611,NABIL,14,52,23,561.50,"12,914.50"
360,2024091601023610,NABIL,56,52,10,561.70,"5,617.00"
361,2024091601023609,NABIL,32,52,50,561.90,"28,095.00"
362,2024091601023608,NABIL,65,52,29,562.00,"16,298.00"
363,2024091601024094,NABIL,65,42,24,562.00,"13,488.00"
364,2024091601024092,NABIL,52,42,352,561.50,"197,648.00"
365,2024091601023921,NABIL,52,34,60,561.50,"33,690.00"
366,2024091601023906,NABIL,52,52,158,561.50,"88,717.00"
367,2024091601023723,NABIL,52,35,160,561.50,"89,840.00"
368,2024091601023614,NABIL,52,52,67,561.50,"37,620.50"
369,2024091601024418,NABIL,13,58,66,562.00,"37,092.00"
370,2024091601024417,NABIL,13,59,34,562.00,"19,108.00"
371,2024091601024374,NABIL,47,17,82,561.10,"46,010.20"
372,2024091601024373,NABIL,35,17,19,561.20,"10,662.80"
373,2024091601024372,NABIL,52,17,203,561.50,"113,984.50"
374,2024091601024359,NABIL,55,59,10,562.00,"5,620.00"
375,2024091601024680,NABIL,77,38,27,561.10,"15,149.70"
376,2024091601024679,NABIL,47,38,18,561.10,"10,099.80"
377,2024091601024678,NABIL,38,38,170,561.20,"95,404.00"
378,2024091601024677,NABIL,47,38,100,561.30,"56,130.00"
379,2024091601024592,NABIL,38,35,10,561.20,"5,612.00"
380,2024091601024550,NABIL,38,34,20,561.20,"11,224.00"
381,2024091601025310,NABIL,58,64,20,562.00,"11,240.00"
382,2024091601025214,NABIL,45,55,260,561.50,"145,990.00"
383,2024091601025166,NABIL,45,64,20,562.00,"11,240.00"
384,2024091601024968,NABIL,38,64,10,562.00,"5,620.00"
385,2024091601024719,NABIL,11,38,487,561.10,"273,255.70"
386,2024091601024718,NABIL,77,38,13,561.10,"7,294.30"
387,2024091601025591,NABIL,17,42,50,562.00,"28,100.00"
388,2024091601025531,NABIL,45,5,100,561.50,"56,150.00"
389,2024091601025468,NABIL,45,45,150,561.50,"84,225.00"
390,2024091601025410,NABIL,45,1,229,561.50,"128,583.50"
391,2024091601025392,NABIL,67,42,255,562.00,"143,310.00"
392,2024091601025391,NABIL,67,64,150,562.00,"84,300.00"
393,2024091601025862,NABIL,11,4,20,561.10,"11,222.00"
394,2024091601025846,NABIL,11,7,20,561.10,"11,222.00"
395,2024091601025678,NABIL,11,45,319,561.10,"178,990.90"
396,2024091601025677,NABIL,10,45,530,561.50,"297,595.00"
397,2024091601025676,NABIL,45,45,151,561.50,"84,786.50"
398,2024091601025662,NABIL,13,42,197,562.00,"110,714.00"
399,2024091601026269,NABIL,29,36,123,561.40,"69,052.20"
400,2024091601026072,NABIL,57,32,50,561.50,"28,075.00"
401,2024091601026049,NABIL,49,42,210,561.20,"117,852.00"
402,2024091601026030,NABIL,49,57,30,561.20,"16,836.00"
403,2024091601025948,NABIL,45,32,42,561.50,"23,583.00"
404,2024091601025931,NABIL,58,32,25,561.50,"14,037.50"
405,2024091601026347,NABIL,42,36,186,561.40,"104,420.40"
406,2024091601026346,NABIL,21,38,46,561.10,"25,810.60"
407,2024091601026345,NABIL,45,38,50,561.10,"28,055.00"
408,2024091601026344,NABIL,35,38,10,561.10,"5,611.00"
409,2024091601026343,NABIL,11,38,154,561.10,"86,409.40"
410,2024091601026342,NABIL,49,38,40,561.20,"22,448.00"
411,2024091601026480,NABIL,38,32,153,561.50,"85,909.50"
412,2024091601026416,NABIL,34,32,10,561.50,"5,615.00"
413,2024091601026398,NABIL,39,49,86,561.10,"48,254.60"
414,2024091601026397,NABIL,53,49,100,561.10,"56,110.00"
415,2024091601026396,NABIL,42,49,14,561.40,"7,859.60"
416,2024091601026361,NABIL,22,32,20,561.50,"11,230.00"
417,2024091601026645,NABIL,38,38,10,562.00,"5,620.00"
418,2024091601026575,NABIL,38,38,16,562.00,"8,992.00"
419,2024091601026574,NABIL,38,58,54,562.00,"30,348.00"
420,2024091601026573,NABIL,38,41,100,562.00,"56,200.00"
421,2024091601026572,NABIL,38,25,30,562.00,"16,860.00"
422,2024091601026540,NABIL,38,34,10,561.50,"5,615.00"
423,2024091601026733,NABIL,58,38,76,561.10,"42,643.60"
424,2024091601026732,NABIL,7,38,300,561.10,"168,330.00"
425,2024091601026731,NABIL,39,38,14,561.10,"7,855.40"
426,2024091601026730,NABIL,38,38,10,561.50,"5,615.00"
427,2024091601026661,NABIL,51,43,167,562.00,"93,854.00"
428,2024091601026660,NABIL,51,38,13,562.00,"7,306.00"
429,2024091601026963,NABIL,54,47,111,561.50,"62,326.50"
430,2024091601026952,NABIL,8,36,50,561.90,"28,095.00"
431,2024091601026922,NABIL,44,36,20,561.90,"11,238.00"
432,2024091601026887,NABIL,58,49,10,561.10,"5,611.00"
433,2024091601026880,NABIL,58,58,20,561.10,"11,222.00"
434,2024091601026819,NABIL,19,36,165,561.90,"92,713.50"
435,2024091601027594,NABIL,49,49,100,561.70,"56,170.00"
436,2024091601027479,NABIL,40,49,10,561.70,"5,617.00"
437,2024091601027478,NABIL,58,49,200,561.80,"112,360.00"
438,2024091601027431,NABIL,19,36,10,561.90,"5,619.00"
439,2024091601027206,NABIL,56,36,200,561.90,"112,380.00"
440,2024091601027023,NABIL,4,36,100,561.90,"56,190.00"
441,2024091601027744,NABIL,13,45,100,561.60,"56,160.00"
442,2024091601027729,NABIL,22,43,15,562.00,"8,430.00"
443,2024091601027717,NABIL,54,43,79,562.00,"44,398.00"
444,2024091601027669,NABIL,56,43,89,562.00,"50,018.00"
445,2024091601027609,NABIL,32,43,203,562.00,"114,086.00"
446,2024091601027608,NABIL,32,36,37,561.90,"20,790.30"
447,2024091601027750,NABIL,29,45,326,561.20,"182,951.20"
448,2024091601027749,NABIL,8,45,199,561.20,"111,678.80"
449,2024091601027748,NABIL,58,45,10,561.20,"5,612.00"
450,2024091601027747,NABIL,46,45,10,561.50,"5,615.00"
451,2024091601027746,NABIL,70,45,100,561.50,"56,150.00"
452,2024091601027745,NABIL,13,45,100,561.50,"56,150.00"
453,2024091601027933,NABIL,57,45,41,561.20,"23,009.20"
454,2024091601027927,NABIL,58,34,50,561.10,"28,055.00"
455,2024091601027856,NABIL,57,45,30,561.20,"16,836.00"
456,2024091601027852,NABIL,29,45,150,561.20,"84,180.00"
457,2024091601027778,NABIL,51,45,50,561.20,"28,060.00"
458,2024091601027777,NABIL,29,45,174,561.20,"97,648.80"
459,2024091601027998,NABIL,40,43,50,562.00,"28,100.00"
460,2024091601027938,NABIL,41,45,55,561.20,"30,866.00"
461,2024091601027937,NABIL,11,29,722,561.10,"405,114.20"
462,2024091601027936,NABIL,21,29,14,561.10,"7,855.40"
463,2024091601027935,NABIL,29,29,100,561.10,"56,110.00"
464,2024091601027934,NABIL,58,29,164,561.10,"92,020.40"
465,2024091601028177,NABIL,16,43,10,562.00,"5,620.00"
466,2024091601028176,NABIL,14,43,100,562.00,"56,200.00"
467,2024091601028159,NABIL,21,43,85,562.00,"47,770.00"
468,2024091601028131,NABIL,34,43,42,562.00,"23,604.00"
469,2024091601028037,NABIL,35,43,100,562.00,"56,200.00"
470,2024091601028033,NABIL,32,43,40,562.00,"22,480.00"
471,2024091601028197,NABIL,41,32,45,562.00,"25,290.00"
472,2024091601028196,NABIL,41,42,120,562.00,"67,440.00"
473,2024091601028195,NABIL,41,57,100,562.00,"56,200.00"
474,2024091601028194,NABIL,41,45,70,562.00,"39,340.00"
475,2024091601028193,NABIL,41,43,10,562.00,"5,620.00"
476,2024091601028189,NABIL,7,43,10,562.00,"5,620.00"
477,2024091601028346,NABIL,49,41,10,562.00,"5,620.00"
478,2024091601028325,NABIL,22,1,20,561.60,"11,232.00"
479,2024091601028324,NABIL,13,1,100,561.60,"56,160.00"
480,2024091601028323,NABIL,40,1,30,561.60,"16,848.00"
481,2024091601028233,NABIL,48,32,20,562.00,"11,240.00"
482,2024091601028206,NABIL,21,32,50,562.00,"28,100.00"
483,2024091601028516,NABIL,44,14,200,562.00,"112,400.00"
484,2024091601028352,NABIL,58,14,50,562.00,"28,100.00"
485,2024091601028350,NABIL,22,22,80,561.60,"44,928.00"
486,2024091601028349,NABIL,49,14,130,562.00,"73,060.00"
487,2024091601028348,NABIL,49,4,50,562.00,"28,100.00"
488,2024091601028347,NABIL,49,38,10,562.00,"5,620.00"
489,2024091601028605,NABIL,34,58,26,562.00,"14,612.00"
490,2024091601028604,NABIL,34,58,10,562.00,"5,620.00"
491,2024091601028603,NABIL,34,62,40,562.00,"22,480.00"
492,2024091601028602,NABIL,34,34,27,562.00,"15,174.00"
493,2024091601028601,NABIL,34,14,365,562.00,"205,130.00"
494,2024091601028556,NABIL,45,14,10,562.00,"5,620.00"
495,2024091601028741,NABIL,8,41,15,562.00,"8,430.00"
496,2024091601028738,NABIL,57,41,100,562.00,"56,200.00"
497,2024091601028695,NABIL,14,41,20,562.00,"11,240.00"
498,2024091601028676,NABIL,41,6,20,561.90,"11,238.00"
499,2024091601028632,NABIL,59,41,10,562.00,"5,620.00"
500,2024091601028606,NABIL,34,41,32,562.00,"17,984.00"
501,2024091601008642,NABIL,14,49,12,566.00,"6,792.00"
502,2024091601008485,NABIL,14,51,437,566.00,"247,342.00"
503,2024091601008438,NABIL,32,51,50,566.00,"28,300.00"
504,2024091601008419,NABIL,4,41,10,566.00,"5,660.00"
505,2024091601008415,NABIL,58,34,32,567.00,"18,144.00"
506,2024091601008414,NABIL,58,38,18,567.00,"10,206.00"
507,2024091601001143,NABIL,45,59,3,565.00,"1,695.00"
508,2024091601001005,NABIL,58,55,20,570.00,"11,400.00"
509,2024091601001001,NABIL,53,39,300,570.00,"171,000.00"
510,2024091601000982,NABIL,44,59,10,571.00,"5,710.00"
511,2024091601000693,NABIL,89,29,150,571.00,"85,650.00"
512,2024091601001385,NABIL,58,40,20,562.00,"11,240.00"
513,2024091601001384,NABIL,56,40,50,562.00,"28,100.00"
514,2024091601001383,NABIL,19,40,200,562.10,"112,420.00"
515,2024091601001382,NABIL,58,40,40,563.00,"22,520.00"
516,2024091601001381,NABIL,25,40,100,563.00,"56,300.00"
517,2024091601001380,NABIL,57,40,23,565.00,"12,995.00"
518,2024091601001909,NABIL,42,58,25,568.00,"14,200.00"
519,2024091601001755,NABIL,58,42,50,569.00,"28,450.00"
520,2024091601001564,NABIL,47,42,10,569.00,"5,690.00"
521,2024091601001388,NABIL,22,40,37,560.10,"20,723.70"
522,2024091601001387,NABIL,58,40,10,561.00,"5,610.00"
523,2024091601001386,NABIL,57,40,20,561.00,"11,220.00"
524,2024091601002258,NABIL,94,58,140,568.00,"79,520.00"
525,2024091601002257,NABIL,25,21,102,563.50,"57,477.00"
526,2024091601002256,NABIL,41,21,150,563.60,"84,540.00"
527,2024091601002255,NABIL,50,21,26,565.00,"14,690.00"
528,2024091601002227,NABIL,50,6,74,565.00,"41,810.00"
529,2024091601002028,NABIL,11,55,80,565.00,"45,200.00"
530,2024091601002842,NABIL,56,6,56,568.00,"31,808.00"
531,2024091601002763,NABIL,41,54,309,567.00,"175,203.00"
532,2024091601002762,NABIL,49,54,25,567.00,"14,175.00"
533,2024091601002512,NABIL,35,6,10,568.00,"5,680.00"
534,2024091601002365,NABIL,57,6,15,568.00,"8,520.00"
535,2024091601002259,NABIL,94,45,210,568.90,"119,469.00"
536,2024091601003127,NABIL,49,58,11,565.00,"6,215.00"
537,2024091601003073,NABIL,49,58,100,566.00,"56,600.00"
538,2024091601003033,NABIL,41,58,91,567.00,"51,597.00"
539,2024091601003028,NABIL,41,7,100,567.00,"56,700.00"
540,2024091601002913,NABIL,44,58,150,567.10,"85,065.00"
541,2024091601002843,NABIL,56,5,144,568.80,"81,907.20"
542,2024091601003200,NABIL,57,16,176,564.00,"99,264.00"
543,2024091601003199,NABIL,21,16,500,564.00,"282,000.00"
544,2024091601003198,NABIL,32,16,300,564.00,"169,200.00"
545,2024091601003179,NABIL,42,39,35,565.00,"19,775.00"
546,2024091601003178,NABIL,45,39,51,565.00,"28,815.00"
547,2024091601003128,NABIL,45,58,49,565.00,"27,685.00"
548,2024091601003396,NABIL,25,58,23,563.50,"12,960.50"
549,2024091601003395,NABIL,19,57,50,565.00,"28,250.00"
550,2024091601003343,NABIL,19,57,46,565.00,"25,990.00"
551,2024091601003342,NABIL,19,39,14,565.00,"7,910.00"
552,2024091601003241,NABIL,25,68,100,563.50,"56,350.00"
553,2024091601003211,NABIL,25,25,270,563.50,"152,145.00"
554,2024091601003737,NABIL,45,38,50,564.00,"28,200.00"
555,2024091601003681,NABIL,93,37,10,564.80,"5,648.00"
556,2024091601003679,NABIL,58,37,30,564.80,"16,944.00"
557,2024091601003568,NABIL,45,33,15,564.00,"8,460.00"
558,2024091601003497,NABIL,4,33,15,564.90,"8,473.50"
559,2024091601003464,NABIL,55,33,20,564.90,"11,298.00"
560,2024091601004059,NABIL,19,19,72,564.00,"40,608.00"
561,2024091601004058,NABIL,22,19,100,564.00,"56,400.00"
562,2024091601004057,NABIL,16,19,20,564.00,"11,280.00"
563,2024091601004056,NABIL,50,19,10,564.00,"5,640.00"
564,2024091601004055,NABIL,45,19,135,564.00,"76,140.00"
565,2024091601003951,NABIL,45,34,100,564.00,"56,400.00"
566,2024091601004417,NABIL,41,28,50,563.30,"28,165.00"
567,2024091601004416,NABIL,49,28,17,564.00,"9,588.00"
568,2024091601004415,NABIL,46,28,80,564.00,"45,120.00"
569,2024091601004414,NABIL,28,28,30,564.00,"16,920.00"
570,2024091601004413,NABIL,19,28,28,564.00,"15,792.00"
571,2024091601004090,NABIL,58,16,445,564.10,"251,024.50"
572,2024091601004653,NABIL,35,45,15,564.00,"8,460.00"
573,2024091601004572,NABIL,45,99,13,564.10,"7,333.30"
574,2024091601004530,NABIL,49,99,15,564.10,"8,461.50"
575,2024091601004493,NABIL,49,99,12,564.10,"6,769.20"
576,2024091601004492,NABIL,49,39,30,564.10,"16,923.00"
577,2024091601004418,NABIL,21,28,46,563.00,"25,898.00"
578,2024091601004860,NABIL,42,34,40,564.10,"22,564.00"
579,2024091601004859,NABIL,42,99,227,564.10,"128,050.70"
580,2024091601004837,NABIL,52,99,40,564.10,"22,564.00"
581,2024091601004729,NABIL,42,57,82,563.00,"46,166.00"
582,2024091601004728,NABIL,21,57,18,563.00,"10,134.00"
583,2024091601004654,NABIL,21,45,36,563.00,"20,268.00"
584,2024091601005009,NABIL,57,22,226,565.00,"127,690.00"
585,2024091601005005,NABIL,42,38,22,567.00,"12,474.00"
586,2024091601004964,NABIL,57,41,50,565.00,"28,250.00"
587,2024091601004963,NABIL,57,57,104,565.00,"58,760.00"
588,2024091601004962,NABIL,57,37,19,564.80,"10,731.20"
589,2024091601004904,NABIL,42,40,11,564.10,"6,205.10"
590,2024091601005361,NABIL,56,36,20,565.00,"11,300.00"
591,2024091601005280,NABIL,51,38,50,567.00,"28,350.00"
592,2024091601005278,NABIL,16,49,10,565.00,"5,650.00"
593,2024091601005277,NABIL,57,49,91,565.00,"51,415.00"
594,2024091601005270,NABIL,93,38,10,567.00,"5,670.00"
595,2024091601005151,NABIL,57,58,10,565.00,"5,650.00"
596,2024091601005549,NABIL,58,19,10,565.00,"5,650.00"
597,2024091601005498,NABIL,50,13,50,565.00,"28,250.00"
598,2024091601005368,NABIL,14,38,10,567.00,"5,670.00"
599,2024091601005364,NABIL,25,36,100,563.50,"56,350.00"
600,2024091601005363,NABIL,58,36,180,564.00,"101,520.00"
601,2024091601005362,NABIL,34,36,100,564.00,"56,400.00"
602,2024091601005924,NABIL,49,7,35,566.00,"19,810.00"
603,2024091601005833,NABIL,22,52,65,566.00,"36,790.00"
604,2024091601005771,NABIL,83,52,10,566.00,"5,660.00"
605,2024091601005586,NABIL,14,34,25,564.00,"14,100.00"
606,2024091601005585,NABIL,53,34,10,564.00,"5,640.00"
607,2024091601005584,NABIL,58,34,15,565.00,"8,475.00"
608,2024091601006320,NABIL,28,56,31,566.00,"17,546.00"
609,2024091601006142,NABIL,28,1,192,566.00,"108,672.00"
610,2024091601006135,NABIL,28,1,141,566.00,"79,806.00"
611,2024091601006134,NABIL,28,7,359,566.00,"203,194.00"
612,2024091601006130,NABIL,4,7,70,566.00,"39,620.00"
613,2024091601006115,NABIL,35,1,15,565.00,"8,475.00"
614,2024091601006458,NABIL,42,40,100,565.10,"56,510.00"
615,2024091601006362,NABIL,57,58,200,566.00,"113,200.00"
616,2024091601006353,NABIL,17,58,30,566.00,"16,980.00"
617,2024091601006352,NABIL,28,58,500,566.00,"283,000.00"
618,2024091601006351,NABIL,28,58,212,566.00,"119,992.00"
619,2024091601006325,NABIL,28,4,65,566.00,"36,790.00"
620,2024091601007164,NABIL,14,51,50,566.00,"28,300.00"
621,2024091601007135,NABIL,3,51,42,566.00,"23,772.00"
622,2024091601007134,NABIL,3,58,58,566.00,"32,828.00"
623,2024091601006488,NABIL,59,16,20,565.00,"11,300.00"
624,2024091601006487,NABIL,35,16,75,565.00,"42,375.00"
625,2024091601006459,NABIL,35,40,260,565.00,"146,900.00"
626,2024091601007782,NABIL,42,53,98,566.00,"55,468.00"
627,2024091601007781,NABIL,42,51,102,566.00,"57,732.00"
628,2024091601007654,NABIL,34,51,56,566.00,"31,696.00"
629,2024091601007483,NABIL,17,51,600,566.00,"339,600.00"
630,2024091601007427,NABIL,45,33,85,565.00,"48,025.00"
631,2024091601007200,NABIL,45,14,10,565.00,"5,650.00"
632,2024091601007819,NABIL,41,35,20,565.20,"11,304.00"
633,2024091601007806,NABIL,41,38,100,565.50,"56,550.00"
634,2024091601007804,NABIL,14,14,263,566.00,"148,858.00"
635,2024091601007803,NABIL,14,38,20,566.00,"11,320.00"
636,2024091601007802,NABIL,14,53,392,566.00,"221,872.00"
637,2024091601007785,NABIL,54,53,10,566.00,"5,660.00"
638,2024091601008022,NABIL,41,58,19,565.20,"10,738.80"
639,2024091601008018,NABIL,14,57,40,566.00,"22,640.00"
640,2024091601007999,NABIL,41,45,11,565.20,"6,217.20"
641,2024091601007932,NABIL,38,57,13,566.00,"7,358.00"
642,2024091601007931,NABIL,38,14,37,566.00,"20,942.00"
643,2024091601007926,NABIL,4,41,1,565.00,565.00
644,2024091601008043,NABIL,45,1,20,565.00,"11,300.00"
645,2024091601008042,NABIL,29,1,50,565.00,"28,250.00"
646,2024091601008041,NABIL,45,1,80,565.00,"45,200.00"
647,2024091601008040,NABIL,28,1,250,565.10,"141,275.00"
648,2024091601008039,NABIL,51,1,189,565.20,"106,822.80"
649,2024091601008029,NABIL,51,58,11,565.20,"6,217.20"
650,2024091601008413,NABIL,58,38,50,567.00,"28,350.00"
651,2024091601008302,NABIL,4,32,20,566.00,"11,320.00"
652,2024091601008227,NABIL,4,4,1,565.00,565.00
653,2024091601008139,NABIL,52,7,50,565.00,"28,250.00"
654,2024091601008080,NABIL,52,58,11,565.00,"6,215.00"
655,2024091601008044,NABIL,52,1,111,565.00,"62,715.00"
1,2024091801024601,NABIL,1,4,10,556.00,"5,560.00"
2,2024091801024517,NABIL,1,22,25,556.00,"13,900.00"
3,2024091801024384,NABIL,1,4,10,556.00,"5,560.00"
4,2024091801024383,NABIL,1,49,10,556.00,"5,560.00"
5,2024091801024382,NABIL,1,34,18,556.00,"10,008.00"
6,2024091801024381,NABIL,1,38,100,555.50,"55,550.00"
7,2024091801008402,NABIL,54,43,40,558.70,"22,348.00"
8,2024091801008381,NABIL,59,57,155,558.60,"86,583.00"
9,2024091801008782,NABIL,64,53,272,558.90,"152,020.80"
10,2024091801008683,NABIL,64,26,80,558.90,"44,712.00"
11,2024091801008669,NABIL,45,26,10,558.90,"5,589.00"
501,2024091801008331,NABIL,64,4,75,557.10,"41,782.50"
502,2024091801008222,NABIL,29,43,22,558.70,"12,291.40"
503,2024091801008216,NABIL,42,43,200,558.70,"111,740.00"
504,2024091801008193,NABIL,93,43,37,558.70,"20,671.90"
505,2024091801008182,NABIL,29,38,27,558.00,"15,066.00"
506,2024091801008153,NABIL,47,38,10,558.00,"5,580.00"
507,2024091801000209,NABIL,57,4,10,562.00,"5,620.00"
508,2024091801000184,NABIL,34,4,100,562.00,"56,200.00"
509,2024091801000173,NABIL,49,4,60,562.00,"33,720.00"
510,2024091801000280,NABIL,22,45,15,563.00,"8,445.00"
511,2024091801000253,NABIL,38,14,10,562.00,"5,620.00"
512,2024091801000252,NABIL,38,4,15,562.00,"8,430.00"
513,2024091801000230,NABIL,14,4,10,562.00,"5,620.00"
514,2024091801000220,NABIL,58,4,20,562.00,"11,240.00"
515,2024091801000216,NABIL,58,4,35,562.00,"19,670.00"
516,2024091801000526,NABIL,38,25,30,562.00,"16,860.00"
517,2024091801000525,NABIL,57,25,150,562.00,"84,300.00"
518,2024091801000524,NABIL,77,25,100,562.00,"56,200.00"
519,2024091801000477,NABIL,49,19,10,563.00,"5,630.00"
520,2024091801000476,NABIL,22,19,15,563.00,"8,445.00"
521,2024091801000416,NABIL,34,57,80,565.00,"45,200.00"
522,2024091801000532,NABIL,28,25,300,560.00,"168,000.00"
523,2024091801000531,NABIL,57,25,100,560.00,"56,000.00"
524,2024091801000530,NABIL,58,25,20,560.00,"11,200.00"
525,2024091801000529,NABIL,48,25,80,560.00,"44,800.00"
526,2024091801000528,NABIL,58,25,10,561.00,"5,610.00"
527,2024091801000527,NABIL,17,25,24,561.00,"13,464.00"
528,2024091801000649,NABIL,63,33,15,560.00,"8,400.00"
529,2024091801000624,NABIL,63,44,100,560.00,"56,000.00"
530,2024091801000623,NABIL,63,45,24,560.00,"13,440.00"
531,2024091801000622,NABIL,63,45,23,560.00,"12,880.00"
532,2024091801000597,NABIL,63,53,50,560.00,"28,000.00"
533,2024091801000533,NABIL,63,25,427,560.00,"239,120.00"
534,2024091801000905,NABIL,4,14,10,555.00,"5,550.00"
535,2024091801000699,NABIL,43,58,100,560.00,"56,000.00"
536,2024091801000698,NABIL,68,58,382,560.00,"213,920.00"
537,2024091801000697,NABIL,63,58,520,560.00,"291,200.00"
538,2024091801000688,NABIL,63,49,300,560.00,"168,000.00"
539,2024091801000680,NABIL,63,49,41,560.00,"22,960.00"
540,2024091801001067,NABIL,41,34,75,553.70,"41,527.50"
541,2024091801001044,NABIL,41,34,150,553.70,"83,055.00"
542,2024091801001043,NABIL,54,34,40,553.80,"22,152.00"
543,2024091801001042,NABIL,29,34,50,554.00,"27,700.00"
544,2024091801001041,NABIL,45,34,50,554.00,"27,700.00"
545,2024091801001040,NABIL,58,34,10,554.00,"5,540.00"
546,2024091801001166,NABIL,49,50,50,552.00,"27,600.00"
547,2024091801001165,NABIL,11,50,150,552.10,"82,815.00"
548,2024091801001164,NABIL,41,50,157,553.70,"86,930.90"
549,2024091801001128,NABIL,58,48,10,559.00,"5,590.00"
550,2024091801001127,NABIL,41,48,100,553.70,"55,370.00"
551,2024091801001111,NABIL,41,58,18,553.70,"9,966.60"
552,2024091801001172,NABIL,35,50,50,550.00,"27,500.00"
553,2024091801001171,NABIL,48,50,100,550.00,"55,000.00"
554,2024091801001170,NABIL,43,50,45,550.00,"24,750.00"
555,2024091801001169,NABIL,32,50,100,550.00,"55,000.00"
556,2024091801001168,NABIL,49,50,50,551.00,"27,550.00"
557,2024091801001167,NABIL,49,50,70,552.00,"38,640.00"
558,2024091801001293,NABIL,42,41,35,551.20,"19,292.00"
559,2024091801001221,NABIL,6,57,12,550.00,"6,600.00"
560,2024091801001212,NABIL,38,25,200,558.80,"111,760.00"
561,2024091801001175,NABIL,6,50,18,550.00,"9,900.00"
562,2024091801001174,NABIL,58,50,100,550.00,"55,000.00"
563,2024091801001173,NABIL,22,50,10,550.00,"5,500.00"
564,2024091801001346,NABIL,19,49,100,550.00,"55,000.00"
565,2024091801001345,NABIL,7,49,19,550.00,"10,450.00"
566,2024091801001344,NABIL,25,49,118,550.10,"64,911.80"
567,2024091801001343,NABIL,56,49,35,551.00,"19,285.00"
568,2024091801001342,NABIL,42,49,300,552.00,"165,600.00"
569,2024091801001294,NABIL,56,41,465,551.00,"256,215.00"
570,2024091801001352,NABIL,64,49,270,550.00,"148,500.00"
571,2024091801001351,NABIL,4,49,590,550.00,"324,500.00"
572,2024091801001350,NABIL,43,49,500,550.00,"275,000.00"
573,2024091801001349,NABIL,26,49,10,550.00,"5,500.00"
574,2024091801001348,NABIL,45,49,900,550.00,"495,000.00"
575,2024091801001347,NABIL,38,49,50,550.00,"27,500.00"
576,2024091801001358,NABIL,13,49,96,550.00,"52,800.00"
577,2024091801001357,NABIL,4,49,120,550.00,"66,000.00"
578,2024091801001356,NABIL,38,49,50,550.00,"27,500.00"
579,2024091801001355,NABIL,4,49,670,550.00,"368,500.00"
580,2024091801001354,NABIL,4,49,360,550.00,"198,000.00"
581,2024091801001353,NABIL,4,49,140,550.00,"77,000.00"
582,2024091801001516,NABIL,59,34,81,550.10,"44,558.10"
583,2024091801001471,NABIL,57,42,200,550.00,"110,000.00"
584,2024091801001470,NABIL,7,42,30,550.00,"16,500.00"
585,2024091801001469,NABIL,38,42,10,553.00,"5,530.00"
586,2024091801001422,NABIL,38,7,15,553.00,"8,295.00"
587,2024091801001421,NABIL,35,7,10,554.00,"5,540.00"
588,2024091801001580,NABIL,38,42,110,554.00,"60,940.00"
589,2024091801001528,NABIL,57,41,47,555.00,"26,085.00"
590,2024091801001520,NABIL,13,34,4,550.00,"2,200.00"
591,2024091801001519,NABIL,49,34,15,550.00,"8,250.00"
