0,Transact_No,Symbol,Buyer,Seller,Quantity,Rate,Amount
1,2024091601028834,NABIL,59,43,300,561.20,"168,360.00"
2,2024091601028785,NABIL,45,43,20,561.50,"11,230.00"
3,2024091601028784,NABIL,17,43,100,561.60,"56,160.00"
4,2024091601028783,NABIL,22,43,100,561.60,"56,160.00"
5,2024091601028782,NABIL,50,43,37,561.70,"20,782.90"
6,2024091601028781,NABIL,8,43,104,562.00,"58,448.00"
7,2024091601008673,NABIL,14,37,26,566.00,"14,716.00"
8,2024091601008647,NABIL,85,34,20,567.00,"11,340.00"
9,2024091601008905,NABIL,58,4,20,566.00,"11,320.00"
10,2024091601008904,NABIL,1,4,50,566.00,"28,300.00"
11,2024091601008903,NABIL,25,4,12,566.00,"6,792.00"
12,2024091601008889,NABIL,46,40,20,567.00,"11,340.00"
13,2024091601008777,NABIL,22,40,20,567.00,"11,340.00"
14,2024091601008731,NABIL,48,34,20,567.00,"11,340.00"
15,2024091601008911,NABIL,47,4,14,565.00,"7,910.00"
16,2024091601008910,NABIL,46,4,10,565.00,"5,650.00"
17,2024091601008909,NABIL,45,4,15,565.00,"8,475.00"
18,2024091601008908,NABIL,14,4,11,565.00,"6,215.00"
19,2024091601008907,NABIL,40,4,10,565.00,"5,650.00"
20,2024091601008906,NABIL,52,4,168,565.00,"94,920.00"
21,2024091601009697,NABIL,14,42,14,566.00,"7,924.00"
22,2024091601009610,NABIL,49,36,50,566.90,"28,345.00"
23,2024091601009584,NABIL,58,4,100,566.80,"56,680.00"
24,2024091601009548,NABIL,19,40,17,567.00,"9,639.00"
25,2024091601009505,NABIL,45,40,35,567.00,"19,845.00"
26,2024091601008942,NABIL,14,16,1,563.00,563.00
27,2024091601009751,NABIL,88,36,60,566.90,"34,014.00"
28,2024091601009702,NABIL,42,42,465,565.00,"262,725.00"
29,2024091601009701,NABIL,47,42,36,565.00,"20,340.00"
30,2024091601009700,NABIL,4,42,65,565.50,"36,757.50"
31,2024091601009699,NABIL,56,42,200,566.00,"113,200.00"
32,2024091601009698,NABIL,50,42,20,566.00,"11,320.00"
33,2024091601009962,NABIL,49,36,61,566.90,"34,580.90"
34,2024091601009952,NABIL,6,36,50,566.90,"28,345.00"
35,2024091601009869,NABIL,74,36,100,566.90,"56,690.00"
36,2024091601009852,NABIL,21,42,404,565.00,"228,260.00"
37,2024091601009851,NABIL,42,42,89,565.00,"50,285.00"
38,2024091601009850,NABIL,58,42,50,565.50,"28,275.00"
39,2024091601010547,NABIL,21,36,18,566.90,"10,204.20"
40,2024091601010546,NABIL,21,41,82,566.70,"46,469.40"
41,2024091601010496,NABIL,4,41,168,566.70,"95,205.60"
42,2024091601010357,NABIL,19,36,25,566.90,"14,172.50"
43,2024091601010337,NABIL,38,36,18,566.90,"10,204.20"
44,2024091601010312,NABIL,42,36,100,566.90,"56,690.00"
45,2024091601011223,NABIL,45,42,20,566.20,"11,324.00"
46,2024091601011222,NABIL,56,42,200,566.50,"113,300.00"
47,2024091601011002,NABIL,53,53,200,567.00,"113,400.00"
48,2024091601010865,NABIL,55,53,15,567.00,"8,505.00"
49,2024091601010605,NABIL,46,36,18,566.90,"10,204.20"
50,2024091601010574,NABIL,56,36,200,566.90,"113,380.00"
51,2024091601011427,NABIL,56,28,100,566.00,"56,600.00"
52,2024091601011426,NABIL,57,28,40,566.00,"22,640.00"
53,2024091601011263,NABIL,57,5,60,566.00,"33,960.00"
54,2024091601011262,NABIL,22,5,20,566.00,"11,320.00"
55,2024091601011261,NABIL,22,5,20,566.00,"11,320.00"
56,2024091601011224,NABIL,58,42,180,566.10,"101,898.00"
57,2024091601011582,NABIL,17,57,36,565.00,"20,340.00"
58,2024091601011546,NABIL,17,1,264,565.00,"149,160.00"
59,2024091601011545,NABIL,46,1,186,566.00,"105,276.00"
60,2024091601011535,NABIL,46,28,187,566.00,"105,842.00"
61,2024091601011481,NABIL,17,25,50,565.00,"28,250.00"
62,2024091601011428,NABIL,62,28,150,566.00,"84,900.00"
63,2024091601011900,NABIL,35,57,20,565.00,"11,300.00"
64,2024091601011766,NABIL,35,45,136,565.00,"76,840.00"
65,2024091601011765,NABIL,96,45,15,565.00,"8,475.00"
66,2024091601011764,NABIL,67,45,49,565.00,"27,685.00"
67,2024091601011585,NABIL,67,39,51,565.00,"28,815.00"
68,2024091601011583,NABIL,21,57,14,565.00,"7,910.00"
69,2024091601012105,NABIL,22,6,20,565.00,"11,300.00"
70,2024091601012104,NABIL,3,6,10,565.50,"5,655.00"
71,2024091601011942,NABIL,28,17,10,565.00,"5,650.00"
72,2024091601011937,NABIL,38,17,39,565.00,"22,035.00"
73,2024091601011936,NABIL,57,17,17,565.00,"9,605.00"
74,2024091601011935,NABIL,35,17,94,565.00,"53,110.00"
75,2024091601012175,NABIL,46,43,10,564.00,"5,640.00"
76,2024091601012174,NABIL,16,43,15,564.00,"8,460.00"
77,2024091601012173,NABIL,54,43,25,564.00,"14,100.00"
78,2024091601012172,NABIL,34,43,100,564.00,"56,400.00"
79,2024091601012171,NABIL,32,43,230,564.00,"129,720.00"
80,2024091601012106,NABIL,32,6,270,564.00,"152,280.00"
81,2024091601012628,NABIL,1,5,200,566.80,"113,360.00"
82,2024091601012612,NABIL,22,5,50,566.80,"28,340.00"
83,2024091601012570,NABIL,41,53,50,567.00,"28,350.00"
84,2024091601012425,NABIL,16,53,14,567.00,"7,938.00"
85,2024091601012370,NABIL,42,53,20,567.00,"11,340.00"
86,2024091601012176,NABIL,46,43,20,564.00,"11,280.00"
87,2024091601012777,NABIL,45,6,10,564.00,"5,640.00"
88,2024091601012705,NABIL,45,62,76,564.00,"42,864.00"
89,2024091601012704,NABIL,11,62,100,564.00,"56,400.00"
90,2024091601012703,NABIL,46,62,110,564.00,"62,040.00"
91,2024091601012702,NABIL,95,62,14,565.00,"7,910.00"
92,2024091601012701,NABIL,32,33,106,566.00,"59,996.00"
93,2024091601013294,NABIL,21,42,41,563.60,"23,107.60"
94,2024091601012913,NABIL,21,60,59,563.60,"33,252.40"
95,2024091601012912,NABIL,36,60,10,564.00,"5,640.00"
96,2024091601012911,NABIL,19,60,10,564.00,"5,640.00"
97,2024091601012910,NABIL,22,60,20,564.00,"11,280.00"
98,2024091601012909,NABIL,45,60,114,564.00,"64,296.00"
99,2024091601013488,NABIL,21,33,20,564.00,"11,280.00"
100,2024091601013391,NABIL,32,53,72,563.50,"40,572.00"
101,2024091601013339,NABIL,32,47,177,563.50,"99,739.50"
102,2024091601013338,NABIL,11,47,200,563.60,"112,720.00"
103,2024091601013337,NABIL,57,47,23,563.60,"12,962.80"
104,2024091601013295,NABIL,57,42,77,563.60,"43,397.20"
105,2024091601014010,NABIL,45,54,180,564.00,"101,520.00"
106,2024091601013916,NABIL,45,8,10,564.00,"5,640.00"
107,2024091601013824,NABIL,1,34,10,565.00,"5,650.00"
108,2024091601013681,NABIL,45,41,10,564.00,"5,640.00"
109,2024091601013669,NABIL,41,41,20,564.00,"11,280.00"
110,2024091601013668,NABIL,41,33,26,564.00,"14,664.00"
111,2024091601014433,NABIL,40,54,245,564.00,"138,180.00"
112,2024091601014378,NABIL,28,46,19,563.60,"10,708.40"
113,2024091601014377,NABIL,35,46,50,563.60,"28,180.00"
114,2024091601014301,NABIL,17,54,20,564.00,"11,280.00"
115,2024091601014270,NABIL,58,54,20,564.00,"11,280.00"
116,2024091601014011,NABIL,35,54,35,564.00,"19,740.00"
117,2024091601014855,NABIL,34,58,30,564.00,"16,920.00"
118,2024091601014854,NABIL,34,34,37,564.00,"20,868.00"
119,2024091601014853,NABIL,34,54,45,564.00,"25,380.00"
120,2024091601014803,NABIL,38,41,10,563.70,"5,637.00"
121,2024091601014435,NABIL,40,54,455,564.00,"256,620.00"
122,2024091601014434,NABIL,40,54,500,564.00,"282,000.00"
123,2024091601014983,NABIL,32,58,214,563.50,"120,589.00"
124,2024091601014982,NABIL,28,58,76,563.60,"42,833.60"
125,2024091601014981,NABIL,38,58,10,563.70,"5,637.00"
126,2024091601014968,NABIL,40,7,88,565.00,"49,720.00"
127,2024091601014967,NABIL,40,3,12,564.00,"6,768.00"
128,2024091601014939,NABIL,34,3,88,564.00,"49,632.00"
129,2024091601016021,NABIL,13,58,100,564.00,"56,400.00"
130,2024091601015965,NABIL,44,58,70,564.00,"39,480.00"
131,2024091601015964,NABIL,44,42,20,564.00,"11,280.00"
132,2024091601015963,NABIL,44,13,350,564.00,"197,400.00"
133,2024091601015962,NABIL,44,58,60,563.90,"33,834.00"
134,2024091601015620,NABIL,32,21,15,563.50,"8,452.50"
135,2024091601016202,NABIL,42,57,10,563.20,"5,632.00"
136,2024091601016168,NABIL,35,58,20,564.00,"11,280.00"
137,2024091601016113,NABIL,41,58,12,563.30,"6,759.60"
138,2024091601016112,NABIL,21,58,10,563.50,"5,635.00"
139,2024091601016111,NABIL,58,58,100,563.50,"56,350.00"
140,2024091601016110,NABIL,32,58,22,563.50,"12,397.00"
141,2024091601016254,NABIL,40,45,100,563.00,"56,300.00"
142,2024091601016253,NABIL,41,45,14,563.00,"7,882.00"
143,2024091601016252,NABIL,42,45,200,563.00,"112,600.00"
144,2024091601016251,NABIL,46,45,10,563.00,"5,630.00"
145,2024091601016250,NABIL,42,45,18,563.00,"10,134.00"
146,2024091601016249,NABIL,43,45,30,563.10,"16,893.00"
147,2024091601016347,NABIL,32,5,100,563.00,"56,300.00"
148,2024091601016267,NABIL,22,58,44,564.00,"24,816.00"
149,2024091601016258,NABIL,32,45,38,563.00,"21,394.00"
150,2024091601016257,NABIL,58,45,50,563.00,"28,150.00"
151,2024091601016256,NABIL,28,45,20,563.00,"11,260.00"
152,2024091601016255,NABIL,45,45,20,563.00,"11,260.00"
153,2024091601016625,NABIL,6,35,100,563.10,"56,310.00"
154,2024091601016504,NABIL,58,58,30,564.00,"16,920.00"
155,2024091601016424,NABIL,25,58,105,564.00,"59,220.00"
156,2024091601016417,NABIL,35,43,10,563.00,"5,630.00"
157,2024091601016416,NABIL,32,43,282,563.00,"158,766.00"
158,2024091601016376,NABIL,32,58,80,563.00,"45,040.00"
159,2024091601016747,NABIL,43,45,277,564.00,"156,228.00"
160,2024091601016746,NABIL,43,52,200,564.00,"112,800.00"
161,2024091601016745,NABIL,43,58,131,564.00,"73,884.00"
162,2024091601016722,NABIL,6,17,650,563.10,"366,015.00"
163,2024091601016705,NABIL,6,47,50,563.10,"28,155.00"
164,2024091601016682,NABIL,6,51,40,563.10,"22,524.00"
165,2024091601016883,NABIL,1,42,745,563.00,"419,435.00"
166,2024091601016863,NABIL,1,52,100,563.00,"56,300.00"
167,2024091601016760,NABIL,1,56,40,563.00,"22,520.00"
168,2024091601016759,NABIL,35,56,10,563.00,"5,630.00"
169,2024091601016758,NABIL,6,56,150,563.10,"84,465.00"
170,2024091601016755,NABIL,6,13,10,563.10,"5,631.00"
171,2024091601017084,NABIL,45,3,10,563.00,"5,630.00"
172,2024091601017030,NABIL,25,45,33,563.00,"18,579.00"
173,2024091601017029,NABIL,57,45,180,563.00,"101,340.00"
174,2024091601017028,NABIL,35,45,200,563.00,"112,600.00"
175,2024091601017027,NABIL,34,45,10,563.00,"5,630.00"
176,2024091601016884,NABIL,5,42,50,563.00,"28,150.00"
177,2024091601017201,NABIL,55,20,100,562.10,"56,210.00"
178,2024091601017200,NABIL,22,20,10,562.10,"5,621.00"
179,2024091601017199,NABIL,45,20,100,562.20,"56,220.00"
180,2024091601017087,NABIL,22,3,20,563.00,"11,260.00"
181,2024091601017086,NABIL,42,3,20,563.00,"11,260.00"
182,2024091601017085,NABIL,48,3,50,563.00,"28,150.00"
183,2024091601017298,NABIL,42,22,28,562.00,"15,736.00"
184,2024091601017297,NABIL,58,22,10,562.00,"5,620.00"
185,2024091601017296,NABIL,17,22,200,562.00,"112,400.00"
186,2024091601017295,NABIL,7,22,15,562.00,"8,430.00"
187,2024091601017294,NABIL,32,22,73,562.00,"41,026.00"
188,2024091601017202,NABIL,32,20,127,562.00,"71,374.00"
189,2024091601017487,NABIL,34,19,25,562.00,"14,050.00"
190,2024091601017486,NABIL,58,19,86,562.00,"48,332.00"
191,2024091601017413,NABIL,57,3,200,563.00,"112,600.00"
192,2024091601017301,NABIL,58,22,14,562.00,"7,868.00"
193,2024091601017300,NABIL,58,22,50,562.00,"28,100.00"
194,2024091601017299,NABIL,26,22,10,562.00,"5,620.00"
195,2024091601017624,NABIL,36,58,30,564.00,"16,920.00"
196,2024091601017623,NABIL,36,44,22,564.00,"12,408.00"
197,2024091601017563,NABIL,58,42,32,562.00,"17,984.00"
198,2024091601017562,NABIL,66,42,20,562.00,"11,240.00"
199,2024091601017561,NABIL,58,42,48,562.00,"26,976.00"
200,2024091601017488,NABIL,58,19,12,562.00,"6,744.00"
201,2024091601018094,NABIL,42,57,15,564.00,"8,460.00"
202,2024091601018093,NABIL,36,57,71,564.00,"40,044.00"
203,2024091601018012,NABIL,36,54,77,564.00,"43,428.00"
204,2024091601018011,NABIL,49,54,23,564.10,"12,974.30"
205,2024091601017879,NABIL,49,33,47,564.10,"26,512.70"
206,2024091601017719,NABIL,55,7,55,565.00,"31,075.00"
207,2024091601018100,NABIL,45,57,289,562.00,"162,418.00"
208,2024091601018099,NABIL,38,57,15,562.00,"8,430.00"
209,2024091601018098,NABIL,41,57,200,562.00,"112,400.00"
210,2024091601018097,NABIL,46,57,10,562.00,"5,620.00"
211,2024091601018096,NABIL,58,57,38,562.00,"21,356.00"
212,2024091601018095,NABIL,48,57,10,564.00,"5,640.00"
213,2024091601018205,NABIL,16,57,50,562.00,"28,100.00"
214,2024091601018183,NABIL,32,57,50,562.00,"28,100.00"
215,2024091601018155,NABIL,40,57,800,562.00,"449,600.00"
216,2024091601018137,NABIL,29,57,100,562.00,"56,200.00"
217,2024091601018128,NABIL,42,48,12,561.60,"6,739.20"
218,2024091601018118,NABIL,13,57,100,562.00,"56,200.00"
219,2024091601018414,NABIL,42,32,50,561.60,"28,080.00"
220,2024091601018405,NABIL,35,3,10,561.90,"5,619.00"
221,2024091601018362,NABIL,38,34,10,562.00,"5,620.00"
222,2024091601018356,NABIL,21,57,10,562.00,"5,620.00"
223,2024091601018287,NABIL,37,57,25,562.00,"14,050.00"
224,2024091601018261,NABIL,38,57,10,562.00,"5,620.00"
225,2024091601018495,NABIL,58,11,50,562.00,"28,100.00"
226,2024091601018494,NABIL,58,34,10,562.00,"5,620.00"
227,2024091601018458,NABIL,21,32,10,561.40,"5,614.00"
228,2024091601018427,NABIL,49,3,36,561.90,"20,228.40"
229,2024091601018416,NABIL,21,32,14,561.40,"7,859.60"
230,2024091601018415,NABIL,41,32,80,561.50,"44,920.00"
231,2024091601018564,NABIL,11,34,200,562.00,"112,400.00"
232,2024091601018563,NABIL,11,35,12,562.00,"6,744.00"
233,2024091601018542,NABIL,58,35,100,562.00,"56,200.00"
234,2024091601018541,NABIL,36,35,100,562.00,"56,200.00"
235,2024091601018540,NABIL,34,35,100,562.00,"56,200.00"
236,2024091601018496,NABIL,58,35,140,562.00,"78,680.00"
237,2024091601018761,NABIL,62,7,50,565.00,"28,250.00"
238,2024091601018750,NABIL,11,7,10,565.00,"5,650.00"
239,2024091601018719,NABIL,57,45,46,562.00,"25,852.00"
240,2024091601018638,NABIL,22,14,50,562.00,"28,100.00"
241,2024091601018599,NABIL,58,14,40,562.00,"22,480.00"
242,2024091601018592,NABIL,13,14,10,562.00,"5,620.00"
243,2024091601019044,NABIL,52,47,25,562.10,"14,052.50"
244,2024091601019016,NABIL,34,45,71,565.00,"40,115.00"
245,2024091601019015,NABIL,34,7,29,565.00,"16,385.00"
246,2024091601019003,NABIL,25,42,15,562.00,"8,430.00"
247,2024091601018981,NABIL,46,43,12,563.00,"6,756.00"
248,2024091601018802,NABIL,11,7,288,565.00,"162,720.00"
249,2024091601019269,NABIL,34,42,61,565.80,"34,513.80"
250,2024091601019088,NABIL,35,6,20,565.00,"11,300.00"
251,2024091601019087,NABIL,35,21,150,565.00,"84,750.00"
252,2024091601019086,NABIL,35,7,200,565.00,"113,000.00"
253,2024091601019046,NABIL,25,47,375,562.00,"210,750.00"
254,2024091601019045,NABIL,35,47,100,562.10,"56,210.00"
255,2024091601019707,NABIL,46,45,20,565.00,"11,300.00"
256,2024091601019450,NABIL,93,42,10,565.80,"5,658.00"
257,2024091601019440,NABIL,46,57,150,565.00,"84,750.00"
258,2024091601019416,NABIL,46,22,30,565.00,"16,950.00"
259,2024091601019401,NABIL,58,42,25,565.80,"14,145.00"
260,2024091601019297,NABIL,58,42,10,565.80,"5,658.00"
261,2024091601019748,NABIL,42,38,10,565.00,"5,650.00"
262,2024091601019747,NABIL,19,38,35,565.00,"19,775.00"
263,2024091601019746,NABIL,77,38,20,565.00,"11,300.00"
264,2024091601019745,NABIL,39,38,10,565.00,"5,650.00"
265,2024091601019709,NABIL,59,45,10,565.00,"5,650.00"
266,2024091601019708,NABIL,19,45,20,565.00,"11,300.00"
267,2024091601019892,NABIL,45,43,10,563.50,"5,635.00"
268,2024091601019887,NABIL,42,14,500,564.00,"282,000.00"
269,2024091601019857,NABIL,42,38,50,565.00,"28,250.00"
270,2024091601019792,NABIL,42,38,20,565.00,"11,300.00"
271,2024091601019750,NABIL,3,38,20,565.00,"11,300.00"
272,2024091601019749,NABIL,39,38,20,565.00,"11,300.00"
273,2024091601020172,NABIL,4,46,251,563.00,"141,313.00"
274,2024091601020171,NABIL,58,46,10,563.50,"5,635.00"
275,2024091601020170,NABIL,45,46,29,563.50,"16,341.50"
276,2024091601020162,NABIL,45,58,20,563.50,"11,270.00"
277,2024091601020092,NABIL,45,42,65,563.50,"36,627.50"
278,2024091601019986,NABIL,45,49,276,563.50,"155,526.00"
279,2024091601020397,NABIL,49,32,48,562.30,"26,990.40"
280,2024091601020396,NABIL,35,32,72,563.00,"40,536.00"
281,2024091601020371,NABIL,35,25,28,563.00,"15,764.00"
282,2024091601020355,NABIL,51,25,72,563.00,"40,536.00"
283,2024091601020259,NABIL,51,42,28,563.00,"15,764.00"
284,2024091601020258,NABIL,4,42,72,563.00,"40,536.00"
285,2024091601020745,NABIL,35,45,30,562.30,"16,869.00"
286,2024091601020667,NABIL,68,45,41,562.30,"23,054.30"
287,2024091601020548,NABIL,68,22,100,562.30,"56,230.00"
288,2024091601020497,NABIL,68,59,59,562.30,"33,175.70"
289,2024091601020399,NABIL,25,32,590,562.00,"331,580.00"
290,2024091601020398,NABIL,11,32,40,562.30,"22,492.00"
291,2024091601021255,NABIL,45,4,20,563.00,"11,260.00"
292,2024091601021164,NABIL,6,4,25,563.00,"14,075.00"
293,2024091601021053,NABIL,14,17,10,562.50,"5,625.00"
294,2024091601020909,NABIL,14,43,49,562.50,"27,562.50"
295,2024091601020851,NABIL,45,45,20,562.30,"11,246.00"
296,2024091601020836,NABIL,25,35,165,562.00,"92,730.00"
297,2024091601021397,NABIL,48,58,50,563.00,"28,150.00"
298,2024091601021383,NABIL,64,58,150,563.00,"84,450.00"
299,2024091601021375,NABIL,22,35,10,562.50,"5,625.00"
300,2024091601021311,NABIL,19,58,10,563.00,"5,630.00"
301,2024091601021309,NABIL,59,58,45,563.00,"25,335.00"
302,2024091601021308,NABIL,59,4,155,563.00,"87,265.00"
303,2024091601021507,NABIL,81,59,200,563.00,"112,600.00"
304,2024091601021506,NABIL,6,59,70,563.00,"39,410.00"
305,2024091601021480,NABIL,6,57,20,563.00,"11,260.00"
306,2024091601021479,NABIL,6,34,45,563.00,"25,335.00"
307,2024091601021437,NABIL,38,34,355,563.00,"199,865.00"
308,2024091601021436,NABIL,38,58,145,563.00,"81,635.00"
309,2024091601021668,NABIL,58,49,87,562.00,"48,894.00"
310,2024091601021667,NABIL,39,49,113,562.00,"63,506.00"
311,2024091601021546,NABIL,7,59,10,563.00,"5,630.00"
312,2024091601021533,NABIL,39,14,87,562.00,"48,894.00"
313,2024091601021532,NABIL,25,14,149,562.00,"83,738.00"
314,2024091601021531,NABIL,22,14,14,562.50,"7,875.00"
315,2024091601021818,NABIL,38,59,210,563.00,"118,230.00"
316,2024091601021744,NABIL,86,59,300,563.00,"168,900.00"
317,2024091601021721,NABIL,59,8,117,562.00,"65,754.00"
318,2024091601021720,NABIL,19,8,200,562.00,"112,400.00"
319,2024091601021719,NABIL,58,8,180,562.00,"101,160.00"
320,2024091601021718,NABIL,58,8,13,562.00,"7,306.00"
321,2024091601022190,NABIL,41,11,150,563.00,"84,450.00"
322,2024091601022171,NABIL,47,11,50,563.00,"28,150.00"
323,2024091601022119,NABIL,56,5,86,562.00,"48,332.00"
324,2024091601022118,NABIL,39,5,20,562.10,"11,242.00"
325,2024091601021866,NABIL,39,1,80,562.10,"44,968.00"
326,2024091601021819,NABIL,38,4,200,563.00,"112,600.00"
327,2024091601022596,NABIL,49,11,10,563.00,"5,630.00"
328,2024091601022476,NABIL,32,22,60,562.00,"33,720.00"
329,2024091601022339,NABIL,93,11,10,563.00,"5,630.00"
330,2024091601022283,NABIL,32,42,451,562.00,"253,462.00"
331,2024091601022282,NABIL,56,42,64,562.00,"35,968.00"
332,2024091601022254,NABIL,51,11,46,563.00,"25,898.00"
333,2024091601022651,NABIL,14,42,477,561.50,"267,835.50"
334,2024091601022650,NABIL,4,42,113,562.00,"63,506.00"
335,2024091601022606,NABIL,4,45,27,562.00,"15,174.00"
336,2024091601022605,NABIL,58,45,100,562.00,"56,200.00"
337,2024091601022604,NABIL,64,45,80,562.00,"44,960.00"
338,2024091601022603,NABIL,32,45,189,562.00,"106,218.00"
339,2024091601023116,NABIL,58,65,126,562.00,"70,812.00"
340,2024091601023044,NABIL,38,11,26,563.00,"14,638.00"
341,2024091601022990,NABIL,39,11,50,563.00,"28,150.00"
342,2024091601022937,NABIL,6,11,230,563.00,"129,490.00"
343,2024091601022825,NABIL,55,11,170,563.00,"95,710.00"
344,2024091601022808,NABIL,58,47,200,562.00,"112,400.00"
345,2024091601023430,NABIL,58,6,12,562.10,"6,745.20"
346,2024091601023429,NABIL,26,6,10,562.50,"5,625.00"
347,2024091601023334,NABIL,58,57,20,562.10,"11,242.00"
348,2024091601023271,NABIL,39,38,76,562.00,"42,712.00"
349,2024091601023270,NABIL,58,38,114,562.00,"64,068.00"
350,2024091601023159,NABIL,58,49,60,562.00,"33,720.00"
351,2024091601023439,NABIL,65,26,97,562.00,"54,514.00"
352,2024091601023438,NABIL,35,26,53,562.00,"29,786.00"
353,2024091601023437,NABIL,45,26,30,562.00,"16,860.00"
354,2024091601023436,NABIL,58,26,10,562.00,"5,620.00"
355,2024091601023435,NABIL,48,26,10,562.00,"5,620.00"
356,2024091601023431,NABIL,39,6,74,562.00,"41,588.00"
357,2024091601023613,NABIL,58,52,100,561.50,"56,150.00"
358,2024091601023612,NABIL,17,52,40,561.50,"22,460.00"
359,2024091601023611,NABIL,14,52,23,561.50,"12,914.50"
360,2024091601023610,NABIL,56,52,10,561.70,"5,617.00"
361,2024091601023609,NABIL,32,52,50,561.90,"28,095.00"
362,2024091601023608,NABIL,65,52,29,562.00,"16,298.00"
363,2024091601024094,NABIL,65,42,24,562.00,"13,488.00"
364,2024091601024092,NABIL,52,42,352,561.50,"197,648.00"
365,2024091601023921,NABIL,52,34,60,561.50,"33,690.00"
366,2024091601023906,NABIL,52,52,158,561.50,"88,717.00"
367,2024091601023723,NABIL,52,35,160,561.50,"89,840.00"
368,2024091601023614,NABIL,52,52,67,561.50,"37,620.50"
369,2024091601024418,NABIL,13,58,66,562.00,"37,092.00"
370,2024091601024417,NABIL,13,59,34,562.00,"19,108.00"
371,2024091601024374,NABIL,47,17,82,561.10,"46,010.20"
372,2024091601024373,NABIL,35,17,19,561.20,"10,662.80"
373,2024091601024372,NABIL,52,17,203,561.50,"113,984.50"
374,2024091601024359,NABIL,55,59,10,562.00,"5,620.00"
375,2024091601024680,NABIL,77,38,27,561.10,"15,149.70"
376,2024091601024679,NABIL,47,38,18,561.10,"10,099.80"
377,2024091601024678,NABIL,38,38,170,561.20,"95,404.00"
378,2024091601024677,NABIL,47,38,100,561.30,"56,130.00"
379,2024091601024592,NABIL,38,35,10,561.20,"5,612.00"
380,2024091601024550,NABIL,38,34,20,561.20,"11,224.00"
381,2024091601025310,NABIL,58,64,20,562.00,"11,240.00"
382,2024091601025214,NABIL,45,55,260,561.50,"145,990.00"
383,2024091601025166,NABIL,45,64,20,562.00,"11,240.00"
384,2024091601024968,NABIL,38,64,10,562.00,"5,620.00"
385,2024091601024719,NABIL,11,38,487,561.10,"273,255.70"
386,2024091601024718,NABIL,77,38,13,561.10,"7,294.30"
387,2024091601025591,NABIL,17,42,50,562.00,"28,100.00"
388,2024091601025531,NABIL,45,5,100,561.50,"56,150.00"
389,2024091601025468,NABIL,45,45,150,561.50,"84,225.00"
390,2024091601025410,NABIL,45,1,229,561.50,"128,583.50"
391,2024091601025392,NABIL,67,42,255,562.00,"143,310.00"
392,2024091601025391,NABIL,67,64,150,562.00,"84,300.00"
393,2024091601025862,NABIL,11,4,20,561.10,"11,222.00"
394,2024091601025846,NABIL,11,7,20,561.10,"11,222.00"
395,2024091601025678,NABIL,11,45,319,561.10,"178,990.90"
396,2024091601025677,NABIL,10,45,530,561.50,"297,595.00"
397,2024091601025676,NABIL,45,45,151,561.50,"84,786.50"
398,2024091601025662,NABIL,13,42,197,562.00,"110,714.00"
399,2024091601026269,NABIL,29,36,123,561.40,"69,052.20"
400,2024091601026072,NABIL,57,32,50,561.50,"28,075.00"
401,2024091601026049,NABIL,49,42,210,561.20,"117,852.00"
402,2024091601026030,NABIL,49,57,30,561.20,"16,836.00"
403,2024091601025948,NABIL,45,32,42,561.50,"23,583.00"
404,2024091601025931,NABIL,58,32,25,561.50,"14,037.50"
405,2024091601026347,NABIL,42,36,186,561.40,"104,420.40"
406,2024091601026346,NABIL,21,38,46,561.10,"25,810.60"
407,2024091601026345,NABIL,45,38,50,561.10,"28,055.00"
408,2024091601026344,NABIL,35,38,10,561.10,"5,611.00"
409,2024091601026343,NABIL,11,38,154,561.10,"86,409.40"
410,2024091601026342,NABIL,49,38,40,561.20,"22,448.00"
411,2024091601026480,NABIL,38,32,153,561.50,"85,909.50"
412,2024091601026416,NABIL,34,32,10,561.50,"5,615.00"
413,2024091601026398,NABIL,39,49,86,561.10,"48,254.60"
414,2024091601026397,NABIL,53,49,100,561.10,"56,110.00"
415,2024091601026396,NABIL,42,49,14,561.40,"7,859.60"
416,2024091601026361,NABIL,22,32,20,561.50,"11,230.00"
417,2024091601026645,NABIL,38,38,10,562.00,"5,620.00"
418,2024091601026575,NABIL,38,38,16,562.00,"8,992.00"
419,2024091601026574,NABIL,38,58,54,562.00,"30,348.00"
420,2024091601026573,NABIL,38,41,100,562.00,"56,200.00"
421,2024091601026572,NABIL,38,25,30,562.00,"16,860.00"
422,2024091601026540,NABIL,38,34,10,561.50,"5,615.00"
423,2024091601026733,NABIL,58,38,76,561.10,"42,643.60"
424,2024091601026732,NABIL,7,38,300,561.10,"168,330.00"
425,2024091601026731,NABIL,39,38,14,561.10,"7,855.40"
426,2024091601026730,NABIL,38,38,10,561.50,"5,615.00"
427,2024091601026661,NABIL,51,43,167,562.00,"93,854.00"
428,2024091601026660,NABIL,51,38,13,562.00,"7,306.00"
429,2024091601026963,NABIL,54,47,111,561.50,"62,326.50"
430,2024091601026952,NABIL,8,36,50,561.90,"28,095.00"
431,2024091601026922,NABIL,44,36,20,561.90,"11,238.00"
432,2024091601026887,NABIL,58,49,10,561.10,"5,611.00"
433,2024091601026880,NABIL,58,58,20,561.10,"11,222.00"
434,2024091601026819,NABIL,19,36,165,561.90,"92,713.50"
435,2024091601027594,NABIL,49,49,100,561.70,"56,170.00"
436,2024091601027479,NABIL,40,49,10,561.70,"5,617.00"
437,2024091601027478,NABIL,58,49,200,561.80,"112,360.00"
438,2024091601027431,NABIL,19,36,10,561.90,"5,619.00"
439,2024091601027206,NABIL,56,36,200,561.90,"112,380.00"
440,2024091601027023,NABIL,4,36,100,561.90,"56,190.00"
441,2024091601027744,NABIL,13,45,100,561.60,"56,160.00"
442,2024091601027729,NABIL,22,43,15,562.00,"8,430.00"
443,2024091601027717,NABIL,54,43,79,562.00,"44,398.00"
444,2024091601027669,NABIL,56,43,89,562.00,"50,018.00"
445,2024091601027609,NABIL,32,43,203,562.00,"114,086.00"
446,2024091601027608,NABIL,32,36,37,561.90,"20,790.30"
447,2024091601027750,NABIL,29,45,326,561.20,"182,951.20"
448,2024091601027749,NABIL,8,45,199,561.20,"111,678.80"
449,2024091601027748,NABIL,58,45,10,561.20,"5,612.00"
450,2024091601027747,NABIL,46,45,10,561.50,"5,615.00"
451,2024091601027746,NABIL,70,45,100,561.50,"56,150.00"
452,2024091601027745,NABIL,13,45,100,561.50,"56,150.00"
453,2024091601027933,NABIL,57,45,41,561.20,"23,009.20"
454,2024091601027927,NABIL,58,34,50,561.10,"28,055.00"
455,2024091601027856,NABIL,57,45,30,561.20,"16,836.00"
456,2024091601027852,NABIL,29,45,150,561.20,"84,180.00"
457,2024091601027778,NABIL,51,45,50,561.20,"28,060.00"
458,2024091601027777,NABIL,29,45,174,561.20,"97,648.80"
459,2024091601027998,NABIL,40,43,50,562.00,"28,100.00"
460,2024091601027938,NABIL,41,45,55,561.20,"30,866.00"
461,2024091601027937,NABIL,11,29,722,561.10,"405,114.20"
462,2024091601027936,NABIL,21,29,14,561.10,"7,855.40"
463,2024091601027935,NABIL,29,29,100,561.10,"56,110.00"
464,2024091601027934,NABIL,58,29,164,561.10,"92,020.40"
465,2024091601028177,NABIL,16,43,10,562.00,"5,620.00"
466,2024091601028176,NABIL,14,43,100,562.00,"56,200.00"
467,2024091601028159,NABIL,21,43,85,562.00,"47,770.00"
468,2024091601028131,NABIL,34,43,42,562.00,"23,604.00"
469,2024091601028037,NABIL,35,43,100,562.00,"56,200.00"
470,2024091601028033,NABIL,32,43,40,562.00,"22,480.00"
471,2024091601028197,NABIL,41,32,45,562.00,"25,290.00"
472,2024091601028196,NABIL,41,42,120,562.00,"67,440.00"
473,2024091601028195,NABIL,41,57,100,562.00,"56,200.00"
474,2024091601028194,NABIL,41,45,70,562.00,"39,340.00"
475,2024091601028193,NABIL,41,43,10,562.00,"5,620.00"
476,2024091601028189,NABIL,7,43,10,562.00,"5,620.00"
477,2024091601028346,NABIL,49,41,10,562.00,"5,620.00"
478,2024091601028325,NABIL,22,1,20,561.60,"11,232.00"
479,2024091601028324,NABIL,13,1,100,561.60,"56,160.00"
480,2024091601028323,NABIL,40,1,30,561.60,"16,848.00"
481,2024091601028233,NABIL,48,32,20,562.00,"11,240.00"
482,2024091601028206,NABIL,21,32,50,562.00,"28,100.00"
483,2024091601028516,NABIL,44,14,200,562.00,"112,400.00"
484,2024091601028352,NABIL,58,14,50,562.00,"28,100.00"
485,2024091601028350,NABIL,22,22,80,561.60,"44,928.00"
486,2024091601028349,NABIL,49,14,130,562.00,"73,060.00"
487,2024091601028348,NABIL,49,4,50,562.00,"28,100.00"
488,2024091601028347,NABIL,49,38,10,562.00,"5,620.00"
489,2024091601028605,NABIL,34,58,26,562.00,"14,612.00"
490,2024091601028604,NABIL,34,58,10,562.00,"5,620.00"
491,2024091601028603,NABIL,34,62,40,562.00,"22,480.00"
492,2024091601028602,NABIL,34,34,27,562.00,"15,174.00"
493,2024091601028601,NABIL,34,14,365,562.00,"205,130.00"
494,2024091601028556,NABIL,45,14,10,562.00,"5,620.00"
495,2024091601028741,NABIL,8,41,15,562.00,"8,430.00"
496,2024091601028738,NABIL,57,41,100,562.00,"56,200.00"
497,2024091601028695,NABIL,14,41,20,562.00,"11,240.00"
498,2024091601028676,NABIL,41,6,20,561.90,"11,238.00"
499,2024091601028632,NABIL,59,41,10,562.00,"5,620.00"
500,2024091601028606,NABIL,34,41,32,562.00,"17,984.00"
501,2024091601008642,NABIL,14,49,12,566.00,"6,792.00"
502,2024091601008485,NABIL,14,51,437,566.00,"247,342.00"
503,2024091601008438,NABIL,32,51,50,566.00,"28,300.00"
504,2024091601008419,NABIL,4,41,10,566.00,"5,660.00"
505,2024091601008415,NABIL,58,34,32,567.00,"18,144.00"
506,2024091601008414,NABIL,58,38,18,567.00,"10,206.00"
507,2024091601001143,NABIL,45,59,3,565.00,"1,695.00"
508,2024091601001005,NABIL,58,55,20,570.00,"11,400.00"
509,2024091601001001,NABIL,53,39,300,570.00,"171,000.00"
510,2024091601000982,NABIL,44,59,10,571.00,"5,710.00"
511,2024091601000693,NABIL,89,29,150,571.00,"85,650.00"
512,2024091601001385,NABIL,58,40,20,562.00,"11,240.00"
513,2024091601001384,NABIL,56,40,50,562.00,"28,100.00"
514,2024091601001383,NABIL,19,40,200,562.10,"112,420.00"
515,2024091601001382,NABIL,58,40,40,563.00,"22,520.00"
516,2024091601001381,NABIL,25,40,100,563.00,"56,300.00"
517,2024091601001380,NABIL,57,40,23,565.00,"12,995.00"
518,2024091601001909,NABIL,42,58,25,568.00,"14,200.00"
519,2024091601001755,NABIL,58,42,50,569.00,"28,450.00"
520,2024091601001564,NABIL,47,42,10,569.00,"5,690.00"
521,2024091601001388,NABIL,22,40,37,560.10,"20,723.70"
522,2024091601001387,NABIL,58,40,10,561.00,"5,610.00"
523,2024091601001386,NABIL,57,40,20,561.00,"11,220.00"
524,2024091601002258,NABIL,94,58,140,568.00,"79,520.00"
525,2024091601002257,NABIL,25,21,102,563.50,"57,477.00"
526,2024091601002256,NABIL,41,21,150,563.60,"84,540.00"
527,2024091601002255,NABIL,50,21,26,565.00,"14,690.00"
528,2024091601002227,NABIL,50,6,74,565.00,"41,810.00"
529,2024091601002028,NABIL,11,55,80,565.00,"45,200.00"
530,2024091601002842,NABIL,56,6,56,568.00,"31,808.00"
531,2024091601002763,NABIL,41,54,309,567.00,"175,203.00"
532,2024091601002762,NABIL,49,54,25,567.00,"14,175.00"
533,2024091601002512,NABIL,35,6,10,568.00,"5,680.00"
534,2024091601002365,NABIL,57,6,15,568.00,"8,520.00"
535,2024091601002259,NABIL,94,45,210,568.90,"119,469.00"
536,2024091601003127,NABIL,49,58,11,565.00,"6,215.00"
537,2024091601003073,NABIL,49,58,100,566.00,"56,600.00"
538,2024091601003033,NABIL,41,58,91,567.00,"51,597.00"
539,2024091601003028,NABIL,41,7,100,567.00,"56,700.00"
540,2024091601002913,NABIL,44,58,150,567.10,"85,065.00"
541,2024091601002843,NABIL,56,5,144,568.80,"81,907.20"
542,2024091601003200,NABIL,57,16,176,564.00,"99,264.00"
543,2024091601003199,NABIL,21,16,500,564.00,"282,000.00"
544,2024091601003198,NABIL,32,16,300,564.00,"169,200.00"
545,2024091601003179,NABIL,42,39,35,565.00,"19,775.00"
546,2024091601003178,NABIL,45,39,51,565.00,"28,815.00"
547,2024091601003128,NABIL,45,58,49,565.00,"27,685.00"
548,2024091601003396,NABIL,25,58,23,563.50,"12,960.50"
549,2024091601003395,NABIL,19,57,50,565.00,"28,250.00"
550,2024091601003343,NABIL,19,57,46,565.00,"25,990.00"
551,2024091601003342,NABIL,19,39,14,565.00,"7,910.00"
552,2024091601003241,NABIL,25,68,100,563.50,"56,350.00"
553,2024091601003211,NABIL,25,25,270,563.50,"152,145.00"
554,2024091601003737,NABIL,45,38,50,564.00,"28,200.00"
555,2024091601003681,NABIL,93,37,10,564.80,"5,648.00"
556,2024091601003679,NABIL,58,37,30,564.80,"16,944.00"
557,2024091601003568,NABIL,45,33,15,564.00,"8,460.00"
558,2024091601003497,NABIL,4,33,15,564.90,"8,473.50"
559,2024091601003464,NABIL,55,33,20,564.90,"11,298.00"
560,2024091601004059,NABIL,19,19,72,564.00,"40,608.00"
561,2024091601004058,NABIL,22,19,100,564.00,"56,400.00"
562,2024091601004057,NABIL,16,19,20,564.00,"11,280.00"
563,2024091601004056,NABIL,50,19,10,564.00,"5,640.00"
564,2024091601004055,NABIL,45,19,135,564.00,"76,140.00"
565,2024091601003951,NABIL,45,34,100,564.00,"56,400.00"
566,2024091601004417,NABIL,41,28,50,563.30,"28,165.00"
567,2024091601004416,NABIL,49,28,17,564.00,"9,588.00"
568,2024091601004415,NABIL,46,28,80,564.00,"45,120.00"
569,2024091601004414,NABIL,28,28,30,564.00,"16,920.00"
570,2024091601004413,NABIL,19,28,28,564.00,"15,792.00"
571,2024091601004090,NABIL,58,16,445,564.10,"251,024.50"
572,2024091601004653,NABIL,35,45,15,564.00,"8,460.00"
573,2024091601004572,NABIL,45,99,13,564.10,"7,333.30"
574,2024091601004530,NABIL,49,99,15,564.10,"8,461.50"
575,2024091601004493,NABIL,49,99,12,564.10,"6,769.20"
576,2024091601004492,NABIL,49,39,30,564.10,"16,923.00"
577,2024091601004418,NABIL,21,28,46,563.00,"25,898.00"
578,2024091601004860,NABIL,42,34,40,564.10,"22,564.00"
579,2024091601004859,NABIL,42,99,227,564.10,"128,050.70"
580,2024091601004837,NABIL,52,99,40,564.10,"22,564.00"
581,2024091601004729,NABIL,42,57,82,563.00,"46,166.00"
582,2024091601004728,NABIL,21,57,18,563.00,"10,134.00"
583,2024091601004654,NABIL,21,45,36,563.00,"20,268.00"
584,2024091601005009,NABIL,57,22,226,565.00,"127,690.00"
585,2024091601005005,NABIL,42,38,22,567.00,"12,474.00"
586,2024091601004964,NABIL,57,41,50,565.00,"28,250.00"
587,2024091601004963,NABIL,57,57,104,565.00,"58,760.00"
588,2024091601004962,NABIL,57,37,19,564.80,"10,731.20"
589,2024091601004904,NABIL,42,40,11,564.10,"6,205.10"
590,2024091601005361,NABIL,56,36,20,565.00,"11,300.00"
591,2024091601005280,NABIL,51,38,50,567.00,"28,350.00"
592,2024091601005278,NABIL,16,49,10,565.00,"5,650.00"
593,2024091601005277,NABIL,57,49,91,565.00,"51,415.00"
594,2024091601005270,NABIL,93,38,10,567.00,"5,670.00"
595,2024091601005151,NABIL,57,58,10,565.00,"5,650.00"
596,2024091601005549,NABIL,58,19,10,565.00,"5,650.00"
597,2024091601005498,NABIL,50,13,50,565.00,"28,250.00"
598,2024091601005368,NABIL,14,38,10,567.00,"5,670.00"
599,2024091601005364,NABIL,25,36,100,563.50,"56,350.00"
600,2024091601005363,NABIL,58,36,180,564.00,"101,520.00"
601,2024091601005362,NABIL,34,36,100,564.00,"56,400.00"
602,2024091601005924,NABIL,49,7,35,566.00,"19,810.00"
603,2024091601005833,NABIL,22,52,65,566.00,"36,790.00"
604,2024091601005771,NABIL,83,52,10,566.00,"5,660.00"
605,2024091601005586,NABIL,14,34,25,564.00,"14,100.00"
606,2024091601005585,NABIL,53,34,10,564.00,"5,640.00"
607,2024091601005584,NABIL,58,34,15,565.00,"8,475.00"
608,2024091601006320,NABIL,28,56,31,566.00,"17,546.00"
609,2024091601006142,NABIL,28,1,192,566.00,"108,672.00"
610,2024091601006135,NABIL,28,1,141,566.00,"79,806.00"
611,2024091601006134,NABIL,28,7,359,566.00,"203,194.00"
612,2024091601006130,NABIL,4,7,70,566.00,"39,620.00"
613,2024091601006115,NABIL,35,1,15,565.00,"8,475.00"
614,2024091601006458,NABIL,42,40,100,565.10,"56,510.00"
615,2024091601006362,NABIL,57,58,200,566.00,"113,200.00"
616,2024091601006353,NABIL,17,58,30,566.00,"16,980.00"
617,2024091601006352,NABIL,28,58,500,566.00,"283,000.00"
618,2024091601006351,NABIL,28,58,212,566.00,"119,992.00"
619,2024091601006325,NABIL,28,4,65,566.00,"36,790.00"
620,2024091601007164,NABIL,14,51,50,566.00,"28,300.00"
621,2024091601007135,NABIL,3,51,42,566.00,"23,772.00"
622,2024091601007134,NABIL,3,58,58,566.00,"32,828.00"
623,2024091601006488,NABIL,59,16,20,565.00,"11,300.00"
624,2024091601006487,NABIL,35,16,75,565.00,"42,375.00"
625,2024091601006459,NABIL,35,40,260,565.00,"146,900.00"
626,2024091601007782,NABIL,42,53,98,566.00,"55,468.00"
627,2024091601007781,NABIL,42,51,102,566.00,"57,732.00"
628,2024091601007654,NABIL,34,51,56,566.00,"31,696.00"
629,2024091601007483,NABIL,17,51,600,566.00,"339,600.00"
630,2024091601007427,NABIL,45,33,85,565.00,"48,025.00"
631,2024091601007200,NABIL,45,14,10,565.00,"5,650.00"
632,2024091601007819,NABIL,41,35,20,565.20,"11,304.00"
633,2024091601007806,NABIL,41,38,100,565.50,"56,550.00"
634,2024091601007804,NABIL,14,14,263,566.00,"148,858.00"
635,2024091601007803,NABIL,14,38,20,566.00,"11,320.00"
636,2024091601007802,NABIL,14,53,392,566.00,"221,872.00"
637,2024091601007785,NABIL,54,53,10,566.00,"5,660.00"
638,2024091601008022,NABIL,41,58,19,565.20,"10,738.80"
639,2024091601008018,NABIL,14,57,40,566.00,"22,640.00"
640,2024091601007999,NABIL,41,45,11,565.20,"6,217.20"
641,2024091601007932,NABIL,38,57,13,566.00,"7,358.00"
642,2024091601007931,NABIL,38,14,37,566.00,"20,942.00"
643,2024091601007926,NABIL,4,41,1,565.00,565.00
644,2024091601008043,NABIL,45,1,20,565.00,"11,300.00"
645,2024091601008042,NABIL,29,1,50,565.00,"28,250.00"
646,2024091601008041,NABIL,45,1,80,565.00,"45,200.00"
647,2024091601008040,NABIL,28,1,250,565.10,"141,275.00"
648,2024091601008039,NABIL,51,1,189,565.20,"106,822.80"
649,2024091601008029,NABIL,51,58,11,565.20,"6,217.20"
650,2024091601008413,NABIL,58,38,50,567.00,"28,350.00"
651,2024091601008302,NABIL,4,32,20,566.00,"11,320.00"
652,2024091601008227,NABIL,4,4,1,565.00,565.00
653,2024091601008139,NABIL,52,7,50,565.00,"28,250.00"
654,2024091601008080,NABIL,52,58,11,565.00,"6,215.00"
655,2024091601008044,NABIL,52,1,111,565.00,"62,715.00"
