0,Transact_No,Symbol,Buyer,Seller,Quantity,Rate,Amount
1,2024091504031956,NGPL,50,32,500,450.00,"225,000.00"
2,2024091504031945,NGPL,50,59,225,450.00,"101,250.00"
3,2024091504031912,NGPL,50,59,100,450.00,"45,000.00"
4,2024091504031891,NGPL,50,29,200,450.00,"90,000.00"
5,2024091504031824,NGPL,50,14,200,450.00,"90,000.00"
6,2024091504031823,NGPL,25,14,50,450.10,"22,505.00"
7,2024091504019391,NGPL,7,60,500,458.00,"229,000.00"
8,2024091504019390,NGPL,4,60,50,459.00,"22,950.00"
9,2024091504019512,NGPL,5,58,100,460.00,"46,000.00"
10,2024091504019506,NGPL,39,58,43,460.00,"19,780.00"
11,2024091504019505,NGPL,38,58,400,460.00,"184,000.00"
12,2024091504019437,NGPL,38,45,100,460.00,"46,000.00"
13,2024091504019393,NGPL,48,60,300,458.00,"137,400.00"
14,2024091504019392,NGPL,43,60,500,458.00,"229,000.00"
15,2024091504019889,NGPL,10,58,200,457.00,"91,400.00"
16,2024091504019888,NGPL,51,58,65,457.00,"29,705.00"
17,2024091504019887,NGPL,34,58,448,457.20,"204,825.60"
18,2024091504019841,NGPL,58,48,10,458.90,"4,589.00"
19,2024091504019803,NGPL,34,60,500,457.20,"228,600.00"
20,2024091504019779,NGPL,34,48,52,457.10,"23,769.20"
21,2024091504020005,NGPL,55,52,50,458.00,"22,900.00"
22,2024091504019952,NGPL,19,52,10,458.00,"4,580.00"
23,2024091504019942,NGPL,48,8,300,456.80,"137,040.00"
24,2024091504019892,NGPL,48,58,184,456.80,"84,051.20"
25,2024091504019891,NGPL,25,58,60,456.80,"27,408.00"
26,2024091504019890,NGPL,98,58,500,457.00,"228,500.00"
27,2024091504020139,NGPL,48,62,300,456.80,"137,040.00"
28,2024091504020138,NGPL,34,62,"1,000",456.90,"456,900.00"
29,2024091504020137,NGPL,29,62,200,456.90,"91,380.00"
30,2024091504020073,NGPL,4,52,190,458.00,"87,020.00"
31,2024091504020072,NGPL,4,29,10,457.90,"4,579.00"
32,2024091504020058,NGPL,29,50,100,456.90,"45,690.00"
33,2024091504020289,NGPL,60,38,170,456.80,"77,656.00"
34,2024091504020288,NGPL,54,38,30,457.00,"13,710.00"
35,2024091504020268,NGPL,54,34,270,457.00,"123,390.00"
36,2024091504020240,NGPL,58,34,50,457.00,"22,850.00"
37,2024091504020212,NGPL,60,14,500,456.80,"228,400.00"
38,2024091504020207,NGPL,60,77,300,456.80,"137,040.00"
39,2024091504020425,NGPL,25,77,50,456.90,"22,845.00"
40,2024091504020424,NGPL,26,77,150,460.00,"69,000.00"
41,2024091504020420,NGPL,26,58,200,460.00,"92,000.00"
42,2024091504020419,NGPL,26,41,500,458.60,"229,300.00"
43,2024091504020418,NGPL,26,38,100,458.00,"45,800.00"
44,2024091504020417,NGPL,26,52,50,458.00,"22,900.00"
45,2024091504020493,NGPL,26,13,100,465.00,"46,500.00"
46,2024091504020492,NGPL,26,71,100,465.00,"46,500.00"
47,2024091504020491,NGPL,26,77,500,464.00,"232,000.00"
48,2024091504020490,NGPL,26,55,10,462.00,"4,620.00"
49,2024091504020489,NGPL,26,10,180,462.00,"83,160.00"
50,2024091504020488,NGPL,26,29,10,460.90,"4,609.00"
51,2024091504020659,NGPL,29,29,60,465.00,"27,900.00"
52,2024091504020658,NGPL,29,41,100,465.00,"46,500.00"
53,2024091504020657,NGPL,29,3,800,464.00,"371,200.00"
54,2024091504020648,NGPL,26,3,200,464.00,"92,800.00"
55,2024091504020647,NGPL,26,44,300,463.90,"139,170.00"
56,2024091504020494,NGPL,26,41,100,465.00,"46,500.00"
57,2024091504020858,NGPL,62,34,120,467.00,"56,040.00"
58,2024091504020857,NGPL,62,33,10,466.90,"4,669.00"
59,2024091504020663,NGPL,29,34,790,467.00,"368,930.00"
60,2024091504020662,NGPL,29,57,100,465.50,"46,550.00"
61,2024091504020661,NGPL,29,38,100,465.00,"46,500.00"
62,2024091504020660,NGPL,29,50,50,465.00,"23,250.00"
63,2024091504021079,NGPL,45,4,500,467.70,"233,850.00"
64,2024091504021066,NGPL,26,10,93,467.00,"43,431.00"
65,2024091504020980,NGPL,26,10,370,467.00,"172,790.00"
66,2024091504020979,NGPL,26,40,30,467.00,"14,010.00"
67,2024091504020963,NGPL,80,40,100,467.00,"46,700.00"
68,2024091504020859,NGPL,62,40,370,467.00,"172,790.00"
69,2024091504021100,NGPL,26,34,"1,000",468.00,"468,000.00"
70,2024091504021099,NGPL,26,34,"1,447",468.00,"677,196.00"
71,2024091504021098,NGPL,26,29,250,467.80,"116,950.00"
72,2024091504021097,NGPL,26,26,15,467.80,"7,017.00"
73,2024091504021096,NGPL,26,4,200,467.70,"93,540.00"
74,2024091504021089,NGPL,58,4,100,467.70,"46,770.00"
75,2024091504021172,NGPL,49,7,93,467.00,"43,431.00"
76,2024091504021171,NGPL,26,7,207,467.00,"96,669.00"
77,2024091504021165,NGPL,26,42,100,467.00,"46,700.00"
78,2024091504021158,NGPL,62,35,100,468.00,"46,800.00"
79,2024091504021102,NGPL,26,35,68,468.00,"31,824.00"
80,2024091504021101,NGPL,26,49,20,468.00,"9,360.00"
81,2024091504021331,NGPL,38,56,20,467.00,"9,340.00"
82,2024091504021326,NGPL,58,56,15,467.00,"7,005.00"
83,2024091504021325,NGPL,58,56,10,467.00,"4,670.00"
84,2024091504021234,NGPL,49,52,100,467.00,"46,700.00"
85,2024091504021196,NGPL,49,35,10,467.00,"4,670.00"
86,2024091504021189,NGPL,55,35,30,468.00,"14,040.00"
87,2024091504021568,NGPL,58,47,200,462.50,"92,500.00"
88,2024091504021567,NGPL,57,47,200,462.50,"92,500.00"
89,2024091504021566,NGPL,52,47,100,462.50,"46,250.00"
90,2024091504021503,NGPL,52,58,200,463.00,"92,600.00"
91,2024091504021502,NGPL,58,58,400,463.00,"185,200.00"
92,2024091504021442,NGPL,28,58,"1,000",463.10,"463,100.00"
93,2024091504021684,NGPL,29,58,390,462.20,"180,258.00"
94,2024091504021683,NGPL,26,58,10,463.00,"4,630.00"
95,2024091504021668,NGPL,29,22,23,462.20,"10,630.60"
96,2024091504021667,NGPL,58,22,150,462.50,"69,375.00"
97,2024091504021666,NGPL,58,22,27,465.00,"12,555.00"
98,2024091504021628,NGPL,50,57,100,466.00,"46,600.00"
99,2024091504021779,NGPL,13,7,"3,142",461.00,"1,448,462.00"
100,2024091504021778,NGPL,56,7,300,461.50,"138,450.00"
101,2024091504021777,NGPL,34,7,50,462.00,"23,100.00"
102,2024091504021776,NGPL,42,7,600,462.00,"277,200.00"
103,2024091504021775,NGPL,43,7,150,462.10,"69,315.00"
104,2024091504021774,NGPL,29,7,187,462.20,"86,431.40"
105,2024091504021860,NGPL,38,7,600,460.00,"276,000.00"
106,2024091504021859,NGPL,26,7,500,460.10,"230,050.00"
107,2024091504021837,NGPL,39,42,339,461.00,"156,279.00"
108,2024091504021836,NGPL,39,77,100,461.00,"46,100.00"
109,2024091504021781,NGPL,39,7,561,461.00,"258,621.00"
110,2024091504021780,NGPL,38,7,10,461.00,"4,610.00"
111,2024091504021897,NGPL,50,7,"2,850",460.00,"1,311,000.00"
112,2024091504021896,NGPL,29,42,100,459.00,"45,900.00"
113,2024091504021889,NGPL,29,58,200,459.00,"91,800.00"
114,2024091504021882,NGPL,49,7,500,460.00,"230,000.00"
115,2024091504021862,NGPL,58,7,50,460.00,"23,000.00"
116,2024091504021861,NGPL,26,7,500,460.00,"230,000.00"
117,2024091504022176,NGPL,38,42,10,461.00,"4,610.00"
118,2024091504022035,NGPL,36,49,50,460.00,"23,000.00"
119,2024091504022034,NGPL,29,77,260,459.00,"119,340.00"
120,2024091504021912,NGPL,29,29,100,459.00,"45,900.00"
121,2024091504021911,NGPL,50,29,500,460.00,"230,000.00"
122,2024091504021898,NGPL,50,34,"2,000",460.00,"920,000.00"
123,2024091504022538,NGPL,52,42,18,461.00,"8,298.00"
124,2024091504022527,NGPL,16,19,40,458.60,"18,344.00"
125,2024091504022526,NGPL,38,19,100,459.00,"45,900.00"
126,2024091504022525,NGPL,29,19,340,459.00,"156,060.00"
127,2024091504022524,NGPL,58,19,20,460.00,"9,200.00"
128,2024091504022523,NGPL,5,19,100,460.10,"46,010.00"
129,2024091504022730,NGPL,22,42,30,458.00,"13,740.00"
130,2024091504022729,NGPL,26,42,90,458.00,"41,220.00"
131,2024091504022728,NGPL,42,42,500,458.00,"229,000.00"
132,2024091504022727,NGPL,16,42,20,458.60,"9,172.00"
133,2024091504022716,NGPL,75,32,"1,000",460.00,"460,000.00"
134,2024091504022659,NGPL,16,49,200,458.60,"91,720.00"
135,2024091504023090,NGPL,22,60,20,458.00,"9,160.00"
136,2024091504023089,NGPL,51,60,141,458.40,"64,634.40"
137,2024091504023088,NGPL,26,60,350,458.60,"160,510.00"
138,2024091504023034,NGPL,26,52,200,458.60,"91,720.00"
139,2024091504022989,NGPL,26,58,200,458.60,"91,720.00"
140,2024091504022810,NGPL,62,58,100,460.50,"46,050.00"
141,2024091504023404,NGPL,38,36,500,456.00,"228,000.00"
142,2024091504023403,NGPL,11,36,100,456.00,"45,600.00"
143,2024091504023402,NGPL,17,36,100,456.00,"45,600.00"
144,2024091504023316,NGPL,60,56,30,456.80,"13,704.00"
145,2024091504023242,NGPL,34,55,90,457.70,"41,193.00"
146,2024091504023175,NGPL,34,33,10,457.70,"4,577.00"
147,2024091504023459,NGPL,48,56,89,455.00,"40,495.00"
148,2024091504023458,NGPL,47,56,11,455.30,"5,008.30"
149,2024091504023457,NGPL,47,32,"1,000",455.30,"455,300.00"
150,2024091504023420,NGPL,47,60,989,455.30,"450,291.70"
151,2024091504023419,NGPL,62,60,500,455.70,"227,850.00"
152,2024091504023418,NGPL,25,36,10,456.00,"4,560.00"
153,2024091504023569,NGPL,49,49,50,455.00,"22,750.00"
154,2024091504023568,NGPL,26,42,500,455.10,"227,550.00"
155,2024091504023567,NGPL,26,58,500,455.10,"227,550.00"
156,2024091504023495,NGPL,49,66,300,455.00,"136,500.00"
157,2024091504023481,NGPL,98,58,300,455.00,"136,500.00"
158,2024091504023480,NGPL,48,58,11,455.00,"5,005.00"
159,2024091504023661,NGPL,34,7,15,455.10,"6,826.50"
160,2024091504023602,NGPL,34,45,15,455.10,"6,826.50"
161,2024091504023579,NGPL,34,46,200,455.10,"91,020.00"
162,2024091504023578,NGPL,34,42,69,455.10,"31,401.90"
163,2024091504023576,NGPL,45,42,350,455.00,"159,250.00"
164,2024091504023575,NGPL,49,42,650,455.00,"295,750.00"
165,2024091504023949,NGPL,90,21,94,455.10,"42,779.40"
166,2024091504023948,NGPL,34,21,206,455.10,"93,750.60"
167,2024091504023735,NGPL,45,36,20,456.00,"9,120.00"
168,2024091504023734,NGPL,34,50,495,455.10,"225,274.50"
169,2024091504023733,NGPL,43,50,"3,000",455.20,"1,365,600.00"
170,2024091504023698,NGPL,90,36,200,456.00,"91,200.00"
171,2024091504024015,NGPL,90,5,106,455.10,"48,240.60"
172,2024091504024014,NGPL,47,5,90,455.20,"40,968.00"
173,2024091504024012,NGPL,47,48,100,455.20,"45,520.00"
174,2024091504024001,NGPL,47,49,10,455.20,"4,552.00"
175,2024091504023991,NGPL,26,45,100,455.20,"45,520.00"
176,2024091504023984,NGPL,57,57,1,448.40,448.40
177,2024091504024193,NGPL,45,48,50,455.00,"22,750.00"
178,2024091504024152,NGPL,45,60,"2,000",455.00,"910,000.00"
179,2024091504024145,NGPL,58,21,108,455.10,"49,150.80"
180,2024091504024106,NGPL,58,36,70,455.10,"31,857.00"
181,2024091504024037,NGPL,58,40,18,455.10,"8,191.80"
182,2024091504024016,NGPL,58,5,804,455.10,"365,900.40"
183,2024091504024292,NGPL,59,32,150,455.20,"68,280.00"
184,2024091504024248,NGPL,59,45,30,455.20,"13,656.00"
185,2024091504024244,NGPL,17,7,471,455.20,"214,399.20"
186,2024091504024233,NGPL,45,49,500,455.00,"227,500.00"
187,2024091504024231,NGPL,45,35,314,455.00,"142,870.00"
188,2024091504024223,NGPL,45,21,126,455.00,"57,330.00"
189,2024091504024440,NGPL,26,57,100,456.00,"45,600.00"
190,2024091504024393,NGPL,56,57,33,455.20,"15,021.60"
191,2024091504024392,NGPL,52,57,17,455.20,"7,738.40"
192,2024091504024391,NGPL,6,57,40,455.20,"18,208.00"
193,2024091504024390,NGPL,59,57,20,455.20,"9,104.00"
194,2024091504024336,NGPL,59,33,300,455.20,"136,560.00"
195,2024091504024521,NGPL,18,21,100,456.00,"45,600.00"
196,2024091504024516,NGPL,18,48,500,456.00,"228,000.00"
197,2024091504024515,NGPL,18,66,600,456.00,"273,600.00"
198,2024091504024514,NGPL,18,39,300,456.00,"136,800.00"
199,2024091504024472,NGPL,56,58,500,455.20,"227,600.00"
200,2024091504024467,NGPL,56,60,50,455.20,"22,760.00"
201,2024091504024892,NGPL,13,32,150,456.40,"68,460.00"
202,2024091504024817,NGPL,45,39,400,456.30,"182,520.00"
203,2024091504024805,NGPL,26,47,"1,427",456.00,"650,712.00"
204,2024091504024804,NGPL,39,47,500,456.10,"228,050.00"
205,2024091504024803,NGPL,39,47,65,456.20,"29,653.00"
206,2024091504024770,NGPL,39,36,435,456.20,"198,447.00"
207,2024091504024999,NGPL,56,34,417,456.00,"190,152.00"
208,2024091504024998,NGPL,49,34,35,456.00,"15,960.00"
209,2024091504024997,NGPL,26,34,573,456.00,"261,288.00"
210,2024091504024996,NGPL,45,34,600,456.30,"273,780.00"
211,2024091504024995,NGPL,13,34,215,456.40,"98,126.00"
212,2024091504024914,NGPL,13,49,10,456.40,"4,564.00"
213,2024091504025090,NGPL,90,35,100,455.10,"45,510.00"
214,2024091504025089,NGPL,43,35,500,455.30,"227,650.00"
215,2024091504025088,NGPL,58,35,85,455.50,"38,717.50"
216,2024091504025072,NGPL,58,58,50,455.50,"22,775.00"
217,2024091504025001,NGPL,25,34,10,456.00,"4,560.00"
218,2024091504025000,NGPL,25,34,10,456.00,"4,560.00"
219,2024091504025118,NGPL,39,34,445,455.00,"202,475.00"
220,2024091504025096,NGPL,58,34,"1,000",455.00,"455,000.00"
221,2024091504025095,NGPL,55,34,10,455.00,"4,550.00"
222,2024091504025094,NGPL,50,34,200,455.00,"91,000.00"
223,2024091504025093,NGPL,45,34,"1,345",455.00,"611,975.00"
224,2024091504025091,NGPL,45,35,315,455.00,"143,325.00"
225,2024091504025154,NGPL,58,32,200,454.00,"90,800.00"
226,2024091504025153,NGPL,58,41,100,454.00,"45,400.00"
227,2024091504025152,NGPL,58,35,"1,000",454.00,"454,000.00"
228,2024091504025128,NGPL,58,35,900,454.00,"408,600.00"
229,2024091504025127,NGPL,34,35,100,454.50,"45,450.00"
230,2024091504025119,NGPL,39,35,55,455.00,"25,025.00"
231,2024091504025408,NGPL,39,55,10,454.70,"4,547.00"
232,2024091504025305,NGPL,39,57,150,454.20,"68,130.00"
233,2024091504025289,NGPL,39,46,100,454.20,"45,420.00"
234,2024091504025198,NGPL,58,38,"2,000",454.00,"908,000.00"
235,2024091504025183,NGPL,58,35,945,454.00,"429,030.00"
236,2024091504025170,NGPL,58,46,"1,000",454.00,"454,000.00"
237,2024091504025436,NGPL,26,58,100,454.10,"45,410.00"
238,2024091504025435,NGPL,21,58,50,454.20,"22,710.00"
239,2024091504025434,NGPL,56,58,500,454.20,"227,100.00"
240,2024091504025411,NGPL,39,26,130,455.90,"59,267.00"
241,2024091504025410,NGPL,39,6,10,455.00,"4,550.00"
242,2024091504025409,NGPL,39,8,100,455.00,"45,500.00"
243,2024091504025605,NGPL,38,58,100,453.00,"45,300.00"
244,2024091504025604,NGPL,7,58,10,453.00,"4,530.00"
245,2024091504025562,NGPL,1,45,"1,000",453.00,"453,000.00"
246,2024091504025532,NGPL,25,38,10,454.00,"4,540.00"
247,2024091504025531,NGPL,33,38,300,454.00,"136,200.00"
248,2024091504025437,NGPL,58,58,850,454.00,"385,900.00"
249,2024091504025819,NGPL,67,49,700,452.00,"316,400.00"
250,2024091504025813,NGPL,72,5,43,454.00,"19,522.00"
251,2024091504025812,NGPL,72,8,16,454.00,"7,264.00"
252,2024091504025733,NGPL,72,6,50,453.00,"22,650.00"
253,2024091504025718,NGPL,72,58,91,453.00,"41,223.00"
254,2024091504025717,NGPL,67,94,300,452.00,"135,600.00"
255,2024091504025916,NGPL,26,34,80,452.10,"36,168.00"
256,2024091504025839,NGPL,26,56,20,452.10,"9,042.00"
257,2024091504025823,NGPL,90,49,80,452.00,"36,160.00"
258,2024091504025822,NGPL,38,49,20,452.00,"9,040.00"
259,2024091504025821,NGPL,49,49,150,452.00,"67,800.00"
260,2024091504025820,NGPL,57,49,50,452.00,"22,600.00"
261,2024091504026040,NGPL,72,45,200,451.00,"90,200.00"
262,2024091504026026,NGPL,17,45,50,451.00,"22,550.00"
263,2024091504025998,NGPL,17,58,50,451.00,"22,550.00"
264,2024091504025919,NGPL,46,34,100,452.00,"45,200.00"
265,2024091504025918,NGPL,49,34,200,452.00,"90,400.00"
266,2024091504025917,NGPL,90,34,220,452.00,"99,440.00"
267,2024091504026074,NGPL,54,34,"2,000",450.00,"900,000.00"
268,2024091504026073,NGPL,48,34,800,450.10,"360,080.00"
269,2024091504026072,NGPL,56,34,200,450.20,"90,040.00"
270,2024091504026071,NGPL,21,34,100,450.20,"45,020.00"
271,2024091504026070,NGPL,32,34,"1,239",450.50,"558,169.50"
272,2024091504026068,NGPL,45,45,130,451.00,"58,630.00"
273,2024091504026080,NGPL,49,34,50,450.00,"22,500.00"
274,2024091504026079,NGPL,6,34,100,450.00,"45,000.00"
275,2024091504026078,NGPL,57,34,40,450.00,"18,000.00"
276,2024091504026077,NGPL,41,34,100,450.00,"45,000.00"
277,2024091504026076,NGPL,58,34,200,450.00,"90,000.00"
278,2024091504026075,NGPL,46,34,100,450.00,"45,000.00"
279,2024091504026086,NGPL,32,34,"1,000",450.00,"450,000.00"
280,2024091504026085,NGPL,45,34,"1,500",450.00,"675,000.00"
281,2024091504026084,NGPL,26,34,100,450.00,"45,000.00"
282,2024091504026083,NGPL,45,34,50,450.00,"22,500.00"
283,2024091504026082,NGPL,62,34,"1,000",450.00,"450,000.00"
284,2024091504026081,NGPL,44,34,"1,000",450.00,"450,000.00"
285,2024091504026142,NGPL,58,14,100,450.00,"45,000.00"
286,2024091504026111,NGPL,58,34,97,450.00,"43,650.00"
287,2024091504026110,NGPL,38,34,140,450.00,"63,000.00"
288,2024091504026109,NGPL,21,34,100,450.00,"45,000.00"
289,2024091504026108,NGPL,34,34,23,450.00,"10,350.00"
290,2024091504026087,NGPL,34,34,421,450.00,"189,450.00"
291,2024091504026208,NGPL,58,10,500,449.00,"224,500.00"
292,2024091504026207,NGPL,52,10,100,449.00,"44,900.00"
293,2024091504026206,NGPL,68,10,500,449.00,"224,500.00"
294,2024091504026205,NGPL,54,10,200,449.00,"89,800.00"
295,2024091504026204,NGPL,50,10,258,449.00,"115,842.00"
296,2024091504026143,NGPL,58,19,3,450.00,"1,350.00"
297,2024091504026261,NGPL,25,54,20,449.00,"8,980.00"
298,2024091504026257,NGPL,21,54,278,449.00,"124,822.00"
299,2024091504026250,NGPL,21,39,80,449.00,"35,920.00"
300,2024091504026249,NGPL,26,39,100,449.10,"44,910.00"
301,2024091504026210,NGPL,21,10,142,449.00,"63,758.00"
302,2024091504026209,NGPL,67,10,300,449.00,"134,700.00"
303,2024091504026435,NGPL,52,16,225,448.00,"100,800.00"
304,2024091504026424,NGPL,52,34,400,448.00,"179,200.00"
305,2024091504026423,NGPL,50,34,100,448.00,"44,800.00"
306,2024091504026413,NGPL,50,11,400,448.00,"179,200.00"
307,2024091504026334,NGPL,59,6,300,448.10,"134,430.00"
308,2024091504026333,NGPL,57,6,10,448.90,"4,489.00"
309,2024091504026499,NGPL,58,47,400,447.90,"179,160.00"
310,2024091504026498,NGPL,14,47,900,447.90,"403,110.00"
311,2024091504026465,NGPL,90,45,100,448.00,"44,800.00"
312,2024091504026464,NGPL,52,45,180,448.00,"80,640.00"
313,2024091504026448,NGPL,52,22,100,448.00,"44,800.00"
314,2024091504026445,NGPL,52,51,95,448.00,"42,560.00"
315,2024091504026586,NGPL,80,26,30,448.00,"13,440.00"
316,2024091504026584,NGPL,58,41,590,447.90,"264,261.00"
317,2024091504026566,NGPL,50,26,200,448.00,"89,600.00"
318,2024091504026539,NGPL,59,26,50,448.00,"22,400.00"
319,2024091504026517,NGPL,58,45,340,447.90,"152,286.00"
320,2024091504026513,NGPL,58,43,400,447.90,"179,160.00"
321,2024091504026678,NGPL,25,36,451,448.00,"202,048.00"
322,2024091504026677,NGPL,25,26,90,448.00,"40,320.00"
323,2024091504026666,NGPL,42,29,300,447.00,"134,100.00"
324,2024091504026665,NGPL,58,29,200,447.90,"89,580.00"
325,2024091504026664,NGPL,58,25,20,447.90,"8,958.00"
326,2024091504026649,NGPL,58,57,50,447.90,"22,395.00"
327,2024091504026800,NGPL,38,21,100,449.30,"44,930.00"
328,2024091504026778,NGPL,36,14,500,448.00,"224,000.00"
329,2024091504026697,NGPL,72,16,99,448.00,"44,352.00"
330,2024091504026690,NGPL,72,21,101,448.00,"45,248.00"
331,2024091504026680,NGPL,25,21,199,448.00,"89,152.00"
332,2024091504026679,NGPL,25,22,210,448.00,"94,080.00"
333,2024091504026818,NGPL,72,48,50,451.00,"22,550.00"
334,2024091504026806,NGPL,58,41,50,450.00,"22,500.00"
335,2024091504026805,NGPL,58,6,40,450.00,"18,000.00"
336,2024091504026804,NGPL,58,26,38,450.00,"17,100.00"
337,2024091504026803,NGPL,58,58,100,450.00,"45,000.00"
338,2024091504026801,NGPL,38,58,900,450.00,"405,000.00"
339,2024091504027085,NGPL,14,34,100,454.00,"45,400.00"
340,2024091504027084,NGPL,74,34,14,454.00,"6,356.00"
341,2024091504027083,NGPL,74,5,186,454.00,"84,444.00"
342,2024091504027013,NGPL,57,5,200,454.00,"90,800.00"
343,2024091504026875,NGPL,58,8,150,451.00,"67,650.00"
344,2024091504026874,NGPL,72,8,50,452.00,"22,600.00"
345,2024091504027222,NGPL,34,39,17,455.00,"7,735.00"
346,2024091504027144,NGPL,47,39,83,455.00,"37,765.00"
347,2024091504027143,NGPL,47,56,100,455.00,"45,500.00"
348,2024091504027142,NGPL,47,45,30,455.00,"13,650.00"
349,2024091504027141,NGPL,47,57,101,454.00,"45,854.00"
350,2024091504027140,NGPL,47,34,186,454.00,"84,444.00"
351,2024091504027322,NGPL,80,19,20,457.60,"9,152.00"
352,2024091504027320,NGPL,32,25,100,457.60,"45,760.00"
353,2024091504027275,NGPL,32,25,100,457.60,"45,760.00"
354,2024091504027225,NGPL,34,43,100,456.00,"45,600.00"
355,2024091504027224,NGPL,34,52,"1,000",456.00,"456,000.00"
356,2024091504027223,NGPL,34,34,140,456.00,"63,840.00"
357,2024091504027414,NGPL,32,55,100,460.00,"46,000.00"
358,2024091504027413,NGPL,32,5,50,460.00,"23,000.00"
359,2024091504027412,NGPL,32,21,290,460.00,"133,400.00"
360,2024091504027411,NGPL,32,55,100,460.00,"46,000.00"
361,2024091504027346,NGPL,32,17,100,458.00,"45,800.00"
362,2024091504027323,NGPL,80,41,25,457.70,"11,442.50"
363,2024091504027420,NGPL,32,77,200,460.00,"92,000.00"
364,2024091504027419,NGPL,32,26,200,460.00,"92,000.00"
365,2024091504027418,NGPL,32,35,250,460.00,"115,000.00"
366,2024091504027417,NGPL,32,45,50,460.00,"23,000.00"
367,2024091504027416,NGPL,32,42,300,460.00,"138,000.00"
368,2024091504027415,NGPL,32,50,100,460.00,"46,000.00"
369,2024091504027876,NGPL,29,29,344,459.00,"157,896.00"
370,2024091504027827,NGPL,29,91,40,459.00,"18,360.00"
371,2024091504027825,NGPL,29,32,116,459.00,"53,244.00"
372,2024091504027440,NGPL,26,57,35,458.40,"16,044.00"
373,2024091504027439,NGPL,32,57,160,460.00,"73,600.00"
374,2024091504027421,NGPL,32,57,200,460.00,"92,000.00"
375,2024091504027933,NGPL,58,38,100,459.00,"45,900.00"
376,2024091504027927,NGPL,58,4,200,459.00,"91,800.00"
377,2024091504027910,NGPL,58,7,"1,000",459.00,"459,000.00"
378,2024091504027890,NGPL,58,4,300,459.00,"137,700.00"
379,2024091504027878,NGPL,58,29,236,459.00,"108,324.00"
380,2024091504027877,NGPL,25,29,20,459.00,"9,180.00"
381,2024091504028060,NGPL,26,4,465,458.40,"213,156.00"
382,2024091504028015,NGPL,58,26,10,459.00,"4,590.00"
383,2024091504028014,NGPL,25,26,20,459.00,"9,180.00"
384,2024091504028013,NGPL,25,26,10,459.00,"4,590.00"
385,2024091504028012,NGPL,58,26,164,459.00,"75,276.00"
386,2024091504027955,NGPL,58,4,500,459.00,"229,500.00"
387,2024091504028157,NGPL,34,41,500,456.00,"228,000.00"
388,2024091504028097,NGPL,32,16,50,458.00,"22,900.00"
389,2024091504028096,NGPL,14,16,935,458.00,"428,230.00"
390,2024091504028083,NGPL,14,19,65,458.00,"29,770.00"
391,2024091504028082,NGPL,32,19,65,458.00,"29,770.00"
392,2024091504028061,NGPL,32,4,35,458.00,"16,030.00"
393,2024091504028249,NGPL,57,6,156,455.00,"70,980.00"
394,2024091504028232,NGPL,57,45,100,455.00,"45,500.00"
395,2024091504028180,NGPL,57,58,157,455.00,"71,435.00"
396,2024091504028179,NGPL,49,58,243,455.10,"110,589.30"
397,2024091504028160,NGPL,49,38,757,455.10,"344,510.70"
398,2024091504028159,NGPL,34,38,243,456.00,"110,808.00"
399,2024091504028372,NGPL,21,38,80,454.00,"36,320.00"
400,2024091504028285,NGPL,36,1,50,455.00,"22,750.00"
401,2024091504028278,NGPL,57,1,287,455.00,"130,585.00"
402,2024091504028270,NGPL,57,58,300,455.00,"136,500.00"
403,2024091504028265,NGPL,57,38,413,455.00,"187,915.00"
404,2024091504028264,NGPL,57,38,587,455.00,"267,085.00"
405,2024091504028495,NGPL,45,43,50,450.00,"22,500.00"
406,2024091504028494,NGPL,36,43,200,450.00,"90,000.00"
407,2024091504028493,NGPL,58,43,"1,772",450.00,"797,400.00"
408,2024091504028492,NGPL,29,43,250,451.00,"112,750.00"
409,2024091504028491,NGPL,80,43,50,451.00,"22,550.00"
410,2024091504028490,NGPL,58,43,100,451.10,"45,110.00"
411,2024091504028590,NGPL,58,45,300,449.00,"134,700.00"
412,2024091504028500,NGPL,54,40,100,450.00,"45,000.00"
413,2024091504028499,NGPL,29,40,200,450.00,"90,000.00"
414,2024091504028498,NGPL,42,40,72,450.00,"32,400.00"
415,2024091504028497,NGPL,42,43,28,450.00,"12,600.00"
416,2024091504028496,NGPL,19,43,50,450.00,"22,500.00"
417,2024091504028887,NGPL,42,1,200,447.00,"89,400.00"
418,2024091504028859,NGPL,58,37,140,448.00,"62,720.00"
419,2024091504028770,NGPL,74,37,100,448.00,"44,800.00"
420,2024091504028766,NGPL,80,37,50,448.00,"22,400.00"
421,2024091504028706,NGPL,36,58,500,448.00,"224,000.00"
422,2024091504028705,NGPL,53,58,500,448.10,"224,050.00"
423,2024091504029151,NGPL,43,45,233,446.30,"103,987.90"
424,2024091504029010,NGPL,26,58,10,446.20,"4,462.00"
425,2024091504029001,NGPL,14,45,50,447.00,"22,350.00"
426,2024091504028942,NGPL,48,45,270,447.00,"120,690.00"
427,2024091504028941,NGPL,45,45,147,447.00,"65,709.00"
428,2024091504028888,NGPL,45,1,53,447.00,"23,691.00"
429,2024091504029338,NGPL,34,16,120,447.00,"53,640.00"
430,2024091504029317,NGPL,34,6,500,447.00,"223,500.00"
431,2024091504029270,NGPL,34,4,"1,000",447.00,"447,000.00"
432,2024091504029250,NGPL,34,43,30,447.00,"13,410.00"
433,2024091504029235,NGPL,34,45,200,447.00,"89,400.00"
434,2024091504029221,NGPL,34,48,150,447.00,"67,050.00"
435,2024091504029498,NGPL,26,37,500,448.00,"224,000.00"
436,2024091504029492,NGPL,43,16,990,447.10,"442,629.00"
437,2024091504029491,NGPL,49,16,10,447.20,"4,472.00"
438,2024091504029459,NGPL,55,37,50,448.00,"22,400.00"
439,2024091504029345,NGPL,74,37,100,448.00,"44,800.00"
440,2024091504029339,NGPL,58,16,880,447.00,"393,360.00"
441,2024091504029652,NGPL,3,43,30,448.00,"13,440.00"
442,2024091504029651,NGPL,3,37,50,448.00,"22,400.00"
443,2024091504029609,NGPL,45,22,500,447.20,"223,600.00"
444,2024091504029608,NGPL,44,37,50,448.00,"22,400.00"
445,2024091504029598,NGPL,36,37,50,448.00,"22,400.00"
446,2024091504029565,NGPL,21,37,10,448.00,"4,480.00"
447,2024091504029887,NGPL,13,21,380,448.00,"170,240.00"
448,2024091504029820,NGPL,13,19,20,448.00,"8,960.00"
449,2024091504029714,NGPL,3,19,30,448.00,"13,440.00"
450,2024091504029687,NGPL,3,6,160,448.00,"71,680.00"
451,2024091504029654,NGPL,3,45,30,448.00,"13,440.00"
452,2024091504029653,NGPL,3,55,100,448.00,"44,800.00"
453,2024091504030131,NGPL,26,40,128,450.00,"57,600.00"
454,2024091504030130,NGPL,26,51,300,449.00,"134,700.00"
455,2024091504030065,NGPL,51,11,220,448.00,"98,560.00"
456,2024091504030031,NGPL,89,11,280,448.00,"125,440.00"
457,2024091504030030,NGPL,89,21,720,448.00,"322,560.00"
458,2024091504030025,NGPL,26,21,500,448.00,"224,000.00"
459,2024091504030284,NGPL,25,26,20,451.00,"9,020.00"
460,2024091504030136,NGPL,26,29,40,450.00,"18,000.00"
461,2024091504030135,NGPL,26,41,100,450.00,"45,000.00"
462,2024091504030134,NGPL,26,58,10,450.00,"4,500.00"
463,2024091504030133,NGPL,26,29,10,450.00,"4,500.00"
464,2024091504030132,NGPL,26,29,100,450.00,"45,000.00"
465,2024091504030388,NGPL,26,44,220,448.00,"98,560.00"
466,2024091504030387,NGPL,51,44,780,448.00,"349,440.00"
467,2024091504030347,NGPL,51,44,"1,000",448.00,"448,000.00"
468,2024091504030346,NGPL,34,44,"1,000",448.10,"448,100.00"
469,2024091504030318,NGPL,26,40,312,450.00,"140,400.00"
470,2024091504030317,NGPL,25,40,25,451.00,"11,275.00"
471,2024091504030790,NGPL,22,40,50,450.00,"22,500.00"
472,2024091504030744,NGPL,39,40,50,450.00,"22,500.00"
473,2024091504030673,NGPL,33,26,10,449.00,"4,490.00"
474,2024091504030663,NGPL,48,68,300,449.00,"134,700.00"
475,2024091504030500,NGPL,43,44,217,447.80,"97,172.60"
476,2024091504030499,NGPL,26,44,780,448.00,"349,440.00"
477,2024091504030962,NGPL,50,49,959,450.00,"431,550.00"
478,2024091504030961,NGPL,50,41,100,450.00,"45,000.00"
479,2024091504030960,NGPL,50,14,50,450.00,"22,500.00"
480,2024091504030959,NGPL,50,40,363,450.00,"163,350.00"
481,2024091504030958,NGPL,50,16,220,449.50,"98,890.00"
482,2024091504030852,NGPL,18,40,200,450.00,"90,000.00"
483,2024091504031120,NGPL,49,58,20,451.00,"9,020.00"
484,2024091504031119,NGPL,49,11,20,451.00,"9,020.00"
485,2024091504031098,NGPL,49,11,200,451.00,"90,200.00"
486,2024091504030990,NGPL,50,34,100,450.00,"45,000.00"
487,2024091504030964,NGPL,50,58,"1,000",450.00,"450,000.00"
488,2024091504030963,NGPL,50,45,21,450.00,"9,450.00"
489,2024091504031579,NGPL,50,47,300,450.00,"135,000.00"
490,2024091504031422,NGPL,46,16,150,451.00,"67,650.00"
491,2024091504031418,NGPL,46,94,50,451.00,"22,550.00"
492,2024091504031416,NGPL,49,94,310,451.00,"139,810.00"
493,2024091504031391,NGPL,49,29,50,451.00,"22,550.00"
494,2024091504031121,NGPL,49,34,100,451.00,"45,100.00"
495,2024091504031757,NGPL,50,50,100,450.00,"45,000.00"
496,2024091504031756,NGPL,50,17,500,450.00,"225,000.00"
497,2024091504031672,NGPL,28,58,255,452.00,"115,260.00"
498,2024091504031671,NGPL,28,26,15,452.00,"6,780.00"
499,2024091504031609,NGPL,41,26,285,452.00,"128,820.00"
500,2024091504031608,NGPL,41,16,515,451.00,"232,265.00"
501,2024091504019389,NGPL,62,60,50,460.00,"23,000.00"
502,2024091504019388,NGPL,58,60,100,460.00,"46,000.00"
503,2024091504019333,NGPL,39,26,457,460.00,"210,220.00"
504,2024091504019332,NGPL,42,26,43,460.10,"19,784.30"
505,2024091504019290,NGPL,42,25,20,460.10,"9,202.00"
506,2024091504019245,NGPL,42,22,242,460.10,"111,344.20"
507,2024091504012749,NGPL,10,7,300,452.00,"135,600.00"
508,2024091504012748,NGPL,54,7,100,452.00,"45,200.00"
509,2024091504012971,NGPL,4,51,20,452.90,"9,058.00"
510,2024091504012970,NGPL,4,64,10,452.90,"4,529.00"
511,2024091504012960,NGPL,26,3,100,452.60,"45,260.00"
512,2024091504012874,NGPL,44,14,11,452.00,"4,972.00"
513,2024091504012790,NGPL,37,58,400,452.00,"180,800.00"
514,2024091504012750,NGPL,37,7,100,452.00,"45,200.00"
515,2024091504012979,NGPL,26,34,600,454.00,"272,400.00"
516,2024091504012976,NGPL,4,58,"1,000",453.90,"453,900.00"
517,2024091504012975,NGPL,4,62,500,453.90,"226,950.00"
518,2024091504012974,NGPL,4,25,10,453.80,"4,538.00"
519,2024091504012973,NGPL,4,45,77,453.70,"34,934.90"
520,2024091504012972,NGPL,4,48,20,453.40,"9,068.00"
521,2024091504013110,NGPL,59,11,10,453.90,"4,539.00"
522,2024091504013043,NGPL,26,11,900,453.90,"408,510.00"
523,2024091504013010,NGPL,43,47,32,452.50,"14,480.00"
524,2024091504013009,NGPL,36,47,222,453.00,"100,566.00"
525,2024091504013000,NGPL,4,11,363,453.90,"164,765.70"
526,2024091504012980,NGPL,26,69,"1,300",454.00,"590,200.00"
527,2024091504013234,NGPL,26,69,"1,000",454.00,"454,000.00"
528,2024091504013229,NGPL,58,69,423,454.00,"192,042.00"
529,2024091504013228,NGPL,58,37,50,453.90,"22,695.00"
530,2024091504013227,NGPL,58,11,27,453.90,"12,255.30"
531,2024091504013207,NGPL,43,25,10,453.00,"4,530.00"
532,2024091504013188,NGPL,43,32,18,452.50,"8,145.00"
533,2024091504013292,NGPL,4,53,53,455.00,"24,115.00"
534,2024091504013291,NGPL,4,43,500,455.00,"227,500.00"
535,2024091504013290,NGPL,4,49,100,455.00,"45,500.00"
536,2024091504013289,NGPL,4,25,10,454.80,"4,548.00"
537,2024091504013288,NGPL,4,29,50,454.00,"22,700.00"
538,2024091504013287,NGPL,4,69,277,454.00,"125,758.00"
539,2024091504013298,NGPL,4,40,500,455.00,"227,500.00"
540,2024091504013297,NGPL,4,26,261,455.00,"118,755.00"
541,2024091504013296,NGPL,4,29,200,455.00,"91,000.00"
542,2024091504013295,NGPL,4,32,60,455.00,"27,300.00"
543,2024091504013294,NGPL,4,21,604,455.00,"274,820.00"
544,2024091504013293,NGPL,4,41,120,455.00,"54,600.00"
545,2024091504013400,NGPL,4,49,89,455.70,"40,557.30"
546,2024091504013389,NGPL,4,25,10,455.70,"4,557.00"
547,2024091504013388,NGPL,4,13,65,455.70,"29,620.50"
548,2024091504013387,NGPL,4,54,100,455.50,"45,550.00"
549,2024091504013306,NGPL,7,13,90,455.70,"41,013.00"
550,2024091504013305,NGPL,7,25,10,455.60,"4,556.00"
551,2024091504013431,NGPL,34,28,200,456.00,"91,200.00"
552,2024091504013430,NGPL,34,90,100,456.00,"45,600.00"
553,2024091504013429,NGPL,34,48,270,456.00,"123,120.00"
554,2024091504013428,NGPL,34,8,500,456.00,"228,000.00"
555,2024091504013427,NGPL,34,17,100,456.00,"45,600.00"
556,2024091504013426,NGPL,34,29,140,456.00,"63,840.00"
557,2024091504013515,NGPL,38,52,490,456.70,"223,783.00"
558,2024091504013507,NGPL,62,52,10,456.70,"4,567.00"
559,2024091504013506,NGPL,62,3,10,456.70,"4,567.00"
560,2024091504013494,NGPL,4,29,11,455.90,"5,014.90"
561,2024091504013433,NGPL,34,47,55,456.00,"25,080.00"
562,2024091504013432,NGPL,34,89,200,456.00,"91,200.00"
563,2024091504013671,NGPL,21,42,10,456.00,"4,560.00"
564,2024091504013659,NGPL,62,8,15,456.70,"6,850.50"
565,2024091504013579,NGPL,37,8,100,456.70,"45,670.00"
566,2024091504013567,NGPL,38,45,500,456.60,"228,300.00"
567,2024091504013517,NGPL,38,94,"1,500",456.80,"685,200.00"
568,2024091504013516,NGPL,38,3,10,456.80,"4,568.00"
569,2024091504013825,NGPL,77,10,100,457.00,"45,700.00"
570,2024091504013824,NGPL,77,38,250,457.00,"114,250.00"
571,2024091504013823,NGPL,77,22,28,457.00,"12,796.00"
572,2024091504013822,NGPL,77,13,283,456.90,"129,302.70"
573,2024091504013727,NGPL,37,94,500,456.80,"228,400.00"
574,2024091504013681,NGPL,38,8,385,456.70,"175,829.50"
575,2024091504013846,NGPL,58,58,250,458.00,"114,500.00"
576,2024091504013845,NGPL,58,39,100,458.00,"45,800.00"
577,2024091504013844,NGPL,58,25,276,458.00,"126,408.00"
578,2024091504013843,NGPL,58,49,200,458.00,"91,600.00"
579,2024091504013842,NGPL,58,71,100,457.90,"45,790.00"
580,2024091504013841,NGPL,58,71,20,457.80,"9,156.00"
581,2024091504013852,NGPL,58,28,200,459.00,"91,800.00"
582,2024091504013851,NGPL,58,77,100,459.00,"45,900.00"
583,2024091504013850,NGPL,58,58,"2,000",459.00,"918,000.00"
584,2024091504013849,NGPL,58,90,100,459.00,"45,900.00"
585,2024091504013848,NGPL,58,96,400,458.90,"183,560.00"
586,2024091504013847,NGPL,58,17,450,458.90,"206,505.00"
587,2024091504013858,NGPL,58,45,300,459.00,"137,700.00"
588,2024091504013857,NGPL,58,55,10,459.00,"4,590.00"
589,2024091504013856,NGPL,58,39,34,459.00,"15,606.00"
590,2024091504013855,NGPL,58,42,160,459.00,"73,440.00"
591,2024091504013854,NGPL,58,25,200,459.00,"91,800.00"
592,2024091504013853,NGPL,58,26,100,459.00,"45,900.00"
593,2024091504013943,NGPL,37,25,10,459.90,"4,599.00"
594,2024091504013942,NGPL,37,16,400,459.80,"183,920.00"
595,2024091504013941,NGPL,37,38,50,459.10,"22,955.00"
596,2024091504013940,NGPL,57,38,100,459.10,"45,910.00"
597,2024091504013880,NGPL,58,38,50,459.10,"22,955.00"
598,2024091504013862,NGPL,77,7,500,457.00,"228,500.00"
599,2024091504013958,NGPL,58,60,"2,000",458.00,"916,000.00"
600,2024091504013948,NGPL,37,22,170,460.00,"78,200.00"
601,2024091504013947,NGPL,37,29,20,460.00,"9,200.00"
602,2024091504013946,NGPL,37,45,200,460.00,"92,000.00"
603,2024091504013945,NGPL,37,35,25,460.00,"11,500.00"
604,2024091504013944,NGPL,37,41,25,459.90,"11,497.50"
605,2024091504013966,NGPL,44,19,38,460.00,"17,480.00"
606,2024091504013965,NGPL,44,69,20,460.00,"9,200.00"
607,2024091504013964,NGPL,44,35,50,460.00,"23,000.00"
608,2024091504013963,NGPL,44,40,21,460.00,"9,660.00"
609,2024091504013962,NGPL,44,28,200,460.00,"92,000.00"
610,2024091504013961,NGPL,44,22,154,460.00,"70,840.00"
611,2024091504013980,NGPL,58,49,50,460.00,"23,000.00"
612,2024091504013979,NGPL,58,42,69,460.00,"31,740.00"
613,2024091504013978,NGPL,3,42,367,460.00,"168,820.00"
614,2024091504013977,NGPL,3,58,10,460.00,"4,600.00"
615,2024091504013976,NGPL,3,58,123,460.00,"56,580.00"
616,2024091504013967,NGPL,44,58,17,460.00,"7,820.00"
617,2024091504013990,NGPL,77,45,500,461.00,"230,500.00"
618,2024091504013989,NGPL,77,19,50,461.00,"23,050.00"
619,2024091504013988,NGPL,77,48,800,461.00,"368,800.00"
620,2024091504013983,NGPL,58,61,100,460.00,"46,000.00"
621,2024091504013982,NGPL,58,10,250,460.00,"115,000.00"
622,2024091504013981,NGPL,58,47,100,460.00,"46,000.00"
623,2024091504014008,NGPL,3,34,50,462.00,"23,100.00"
624,2024091504014007,NGPL,58,34,400,462.00,"184,800.00"
625,2024091504014006,NGPL,58,90,100,462.00,"46,200.00"
626,2024091504014005,NGPL,58,50,"1,000",461.90,"461,900.00"
627,2024091504014004,NGPL,58,45,500,461.50,"230,750.00"
628,2024091504013991,NGPL,77,26,150,461.00,"69,150.00"
629,2024091504014076,NGPL,58,45,13,462.00,"6,006.00"
630,2024091504014029,NGPL,77,45,187,462.00,"86,394.00"
631,2024091504014028,NGPL,77,42,12,462.00,"5,544.00"
632,2024091504014027,NGPL,77,42,90,462.00,"41,580.00"
633,2024091504014026,NGPL,77,45,"1,000",462.00,"462,000.00"
634,2024091504014025,NGPL,77,34,50,462.00,"23,100.00"
635,2024091504014082,NGPL,58,34,500,463.00,"231,500.00"
636,2024091504014081,NGPL,58,58,48,462.90,"22,219.20"
637,2024091504014080,NGPL,58,29,100,462.60,"46,260.00"
638,2024091504014079,NGPL,58,57,809,462.40,"374,081.60"
639,2024091504014078,NGPL,58,57,809,462.40,"374,081.60"
640,2024091504014077,NGPL,58,57,50,462.40,"23,120.00"
641,2024091504014088,NGPL,58,79,500,463.00,"231,500.00"
642,2024091504014087,NGPL,58,6,10,463.00,"4,630.00"
643,2024091504014086,NGPL,58,49,500,463.00,"231,500.00"
644,2024091504014085,NGPL,58,62,"4,000",463.00,"1,852,000.00"
645,2024091504014084,NGPL,58,4,50,463.00,"23,150.00"
646,2024091504014083,NGPL,58,71,300,463.00,"138,900.00"
647,2024091504014094,NGPL,58,90,100,464.00,"46,400.00"
648,2024091504014093,NGPL,58,34,100,464.00,"46,400.00"
649,2024091504014092,NGPL,58,45,500,464.00,"232,000.00"
650,2024091504014091,NGPL,58,72,750,464.00,"348,000.00"
651,2024091504014090,NGPL,58,36,"1,000",463.00,"463,000.00"
652,2024091504014089,NGPL,58,58,300,463.00,"138,900.00"
653,2024091504014100,NGPL,58,29,65,464.10,"30,166.50"
654,2024091504014099,NGPL,58,38,107,464.00,"49,648.00"
655,2024091504014098,NGPL,58,3,80,464.00,"37,120.00"
656,2024091504014097,NGPL,58,3,100,464.00,"46,400.00"
657,2024091504014096,NGPL,58,46,387,464.00,"179,568.00"
658,2024091504014095,NGPL,58,4,100,464.00,"46,400.00"
659,2024091504014106,NGPL,58,96,"1,400",465.00,"651,000.00"
660,2024091504014105,NGPL,58,3,120,465.00,"55,800.00"
661,2024091504014104,NGPL,58,38,50,465.00,"23,250.00"
662,2024091504014103,NGPL,58,26,100,464.10,"46,410.00"
663,2024091504014102,NGPL,58,14,38,464.10,"17,635.80"
664,2024091504014101,NGPL,58,38,500,464.10,"232,050.00"
665,2024091504014112,NGPL,58,16,500,465.00,"232,500.00"
666,2024091504014111,NGPL,58,10,300,465.00,"139,500.00"
667,2024091504014110,NGPL,58,58,50,465.00,"23,250.00"
668,2024091504014109,NGPL,58,21,500,465.00,"232,500.00"
669,2024091504014108,NGPL,58,40,200,465.00,"93,000.00"
670,2024091504014107,NGPL,58,41,40,465.00,"18,600.00"
671,2024091504014118,NGPL,58,7,230,465.00,"106,950.00"
672,2024091504014117,NGPL,58,25,10,465.00,"4,650.00"
673,2024091504014116,NGPL,58,45,261,465.00,"121,365.00"
674,2024091504014115,NGPL,58,40,200,465.00,"93,000.00"
675,2024091504014114,NGPL,58,58,30,465.00,"13,950.00"
676,2024091504014113,NGPL,58,13,"3,142",465.00,"1,461,030.00"
677,2024091504014124,NGPL,58,57,250,468.10,"117,025.00"
678,2024091504014123,NGPL,58,42,143,468.00,"66,924.00"
679,2024091504014122,NGPL,58,16,500,467.00,"233,500.00"
680,2024091504014121,NGPL,58,10,38,466.00,"17,708.00"
681,2024091504014120,NGPL,58,45,200,465.90,"93,180.00"
682,2024091504014119,NGPL,58,57,500,465.80,"232,900.00"
683,2024091504014130,NGPL,58,8,10,470.00,"4,700.00"
684,2024091504014129,NGPL,58,34,500,469.20,"234,600.00"
685,2024091504014128,NGPL,58,44,200,469.20,"93,840.00"
686,2024091504014127,NGPL,58,6,500,468.20,"234,100.00"
687,2024091504014126,NGPL,58,22,51,468.20,"23,878.20"
688,2024091504014125,NGPL,58,26,"1,000",468.10,"468,100.00"
689,2024091504014136,NGPL,58,49,38,471.00,"17,898.00"
690,2024091504014135,NGPL,58,18,"1,610",471.00,"758,310.00"
691,2024091504014134,NGPL,58,61,100,471.00,"47,100.00"
692,2024091504014133,NGPL,58,89,"3,000",471.00,"1,413,000.00"
693,2024091504014132,NGPL,58,39,300,470.20,"141,060.00"
694,2024091504014131,NGPL,58,50,"1,000",470.00,"470,000.00"
695,2024091504014315,NGPL,56,38,20,468.90,"9,378.00"
696,2024091504014186,NGPL,54,77,125,471.00,"58,875.00"
697,2024091504014185,NGPL,54,41,25,471.00,"11,775.00"
698,2024091504014175,NGPL,44,10,100,462.00,"46,200.00"
699,2024091504014147,NGPL,58,47,100,462.00,"46,200.00"
700,2024091504014137,NGPL,58,67,200,471.20,"94,240.00"
701,2024091504014397,NGPL,54,94,500,463.00,"231,500.00"
702,2024091504014396,NGPL,44,94,400,463.40,"185,360.00"
703,2024091504014395,NGPL,3,94,100,464.00,"46,400.00"
704,2024091504014394,NGPL,4,94,500,464.10,"232,050.00"
705,2024091504014367,NGPL,3,8,100,464.00,"46,400.00"
706,2024091504014316,NGPL,56,34,980,469.00,"459,620.00"
707,2024091504014505,NGPL,57,38,20,460.00,"9,200.00"
708,2024091504014504,NGPL,58,38,291,460.00,"133,860.00"
709,2024091504014479,NGPL,58,41,50,460.00,"23,000.00"
710,2024091504014452,NGPL,58,57,90,460.00,"41,400.00"
711,2024091504014451,NGPL,57,57,10,461.60,"4,616.00"
712,2024091504014419,NGPL,7,40,25,462.00,"11,550.00"
713,2024091504014636,NGPL,45,38,62,460.00,"28,520.00"
714,2024091504014608,NGPL,45,1,38,460.00,"17,480.00"
715,2024091504014598,NGPL,51,58,200,459.00,"91,800.00"
716,2024091504014569,NGPL,51,25,10,459.00,"4,590.00"
717,2024091504014511,NGPL,56,38,189,460.00,"86,940.00"
718,2024091504014506,NGPL,58,38,100,460.00,"46,000.00"
719,2024091504014772,NGPL,28,40,659,462.00,"304,458.00"
720,2024091504014748,NGPL,77,40,100,462.00,"46,200.00"
721,2024091504014747,NGPL,77,28,100,461.90,"46,190.00"
722,2024091504014746,NGPL,77,13,100,461.50,"46,150.00"
723,2024091504014661,NGPL,28,38,341,460.00,"156,860.00"
724,2024091504014650,NGPL,47,38,97,460.00,"44,620.00"
725,2024091504015108,NGPL,58,60,29,462.00,"13,398.00"
726,2024091504015107,NGPL,58,40,21,462.00,"9,702.00"
727,2024091504014853,NGPL,58,48,310,458.00,"141,980.00"
728,2024091504014852,NGPL,51,48,190,459.00,"87,210.00"
729,2024091504014845,NGPL,38,40,200,462.00,"92,400.00"
730,2024091504014777,NGPL,58,40,50,462.00,"23,100.00"
731,2024091504015273,NGPL,13,34,500,457.00,"228,500.00"
732,2024091504015272,NGPL,4,34,88,457.00,"40,216.00"
733,2024091504015183,NGPL,6,46,500,458.00,"229,000.00"
734,2024091504015182,NGPL,98,46,462,458.00,"211,596.00"
735,2024091504015169,NGPL,98,22,38,458.00,"17,404.00"
736,2024091504015130,NGPL,58,34,690,458.00,"316,020.00"
737,2024091504015285,NGPL,16,45,150,455.00,"68,250.00"
738,2024091504015284,NGPL,67,45,500,455.20,"227,600.00"
739,2024091504015283,NGPL,56,45,200,455.70,"91,140.00"
740,2024091504015282,NGPL,6,45,113,455.80,"51,505.40"
741,2024091504015275,NGPL,6,34,387,455.80,"176,394.60"
742,2024091504015274,NGPL,38,34,25,455.90,"11,397.50"
743,2024091504015992,NGPL,41,45,31,457.80,"14,191.80"
744,2024091504015782,NGPL,48,32,290,458.00,"132,820.00"
745,2024091504015781,NGPL,48,49,210,457.90,"96,159.00"
746,2024091504015640,NGPL,58,49,50,457.90,"22,895.00"
747,2024091504015296,NGPL,62,46,38,458.00,"17,404.00"
748,2024091504015286,NGPL,58,45,"2,037",455.00,"926,835.00"
749,2024091504016028,NGPL,29,62,400,455.00,"182,000.00"
750,2024091504016027,NGPL,58,62,"2,963",455.00,"1,348,165.00"
751,2024091504016026,NGPL,10,62,50,455.10,"22,755.00"
752,2024091504016025,NGPL,54,62,50,455.10,"22,755.00"
753,2024091504016024,NGPL,44,62,300,456.00,"136,800.00"
754,2024091504016023,NGPL,39,62,120,456.10,"54,732.00"
755,2024091504016067,NGPL,58,62,"1,000",453.30,"453,300.00"
756,2024091504016066,NGPL,28,62,"1,000",453.40,"453,400.00"
757,2024091504016055,NGPL,34,34,500,455.00,"227,500.00"
758,2024091504016054,NGPL,62,34,883,455.00,"401,765.00"
759,2024091504016048,NGPL,62,62,10,455.00,"4,550.00"
760,2024091504016029,NGPL,62,62,"1,107",455.00,"503,685.00"
761,2024091504016258,NGPL,44,45,83,455.00,"37,765.00"
762,2024091504016208,NGPL,44,34,117,455.00,"53,235.00"
763,2024091504016190,NGPL,98,34,500,455.00,"227,500.00"
764,2024091504016111,NGPL,32,48,11,453.00,"4,983.00"
765,2024091504016101,NGPL,32,29,750,453.00,"339,750.00"
766,2024091504016100,NGPL,19,29,250,453.00,"113,250.00"
767,2024091504016324,NGPL,43,45,100,455.00,"45,500.00"
768,2024091504016322,NGPL,50,45,300,455.00,"136,500.00"
769,2024091504016317,NGPL,58,58,10,454.00,"4,540.00"
770,2024091504016286,NGPL,45,45,100,455.00,"45,500.00"
771,2024091504016273,NGPL,54,45,30,455.00,"13,650.00"
772,2024091504016270,NGPL,58,62,"1,000",454.00,"454,000.00"
773,2024091504016451,NGPL,1,45,900,457.80,"412,020.00"
774,2024091504016438,NGPL,92,56,500,457.70,"228,850.00"
775,2024091504016370,NGPL,58,43,87,455.00,"39,585.00"
776,2024091504016353,NGPL,52,43,113,455.00,"51,415.00"
777,2024091504016352,NGPL,52,45,387,455.00,"176,085.00"
778,2024091504016340,NGPL,58,34,"3,000",454.00,"1,362,000.00"
779,2024091504016498,NGPL,52,17,50,460.00,"23,000.00"
780,2024091504016497,NGPL,52,45,69,459.90,"31,733.10"
781,2024091504016496,NGPL,52,45,21,458.00,"9,618.00"
782,2024091504016488,NGPL,21,70,"1,000",457.00,"457,000.00"
783,2024091504016480,NGPL,20,56,70,456.00,"31,920.00"
784,2024091504016462,NGPL,4,1,105,455.20,"47,796.00"
785,2024091504016504,NGPL,52,60,"1,471",462.00,"679,602.00"
786,2024091504016503,NGPL,52,58,50,461.90,"23,095.00"
787,2024091504016502,NGPL,52,35,200,461.80,"92,360.00"
788,2024091504016501,NGPL,52,58,"1,000",461.00,"461,000.00"
789,2024091504016500,NGPL,52,48,100,461.00,"46,100.00"
790,2024091504016499,NGPL,52,34,310,461.00,"142,910.00"
791,2024091504016510,NGPL,52,71,20,464.70,"9,294.00"
792,2024091504016509,NGPL,52,13,100,464.50,"46,450.00"
793,2024091504016508,NGPL,52,57,200,464.10,"92,820.00"
794,2024091504016507,NGPL,52,25,200,464.00,"92,800.00"
795,2024091504016506,NGPL,52,57,100,463.00,"46,300.00"
796,2024091504016505,NGPL,52,57,104,462.00,"48,048.00"
797,2024091504016516,NGPL,52,32,210,466.90,"98,049.00"
798,2024091504016515,NGPL,52,17,100,466.90,"46,690.00"
799,2024091504016514,NGPL,52,58,10,466.10,"4,661.00"
800,2024091504016513,NGPL,52,41,150,466.00,"69,900.00"
801,2024091504016512,NGPL,52,94,500,464.90,"232,450.00"
802,2024091504016511,NGPL,52,71,20,464.80,"9,296.00"
803,2024091504016522,NGPL,52,57,50,467.00,"23,350.00"
804,2024091504016521,NGPL,52,90,100,467.00,"46,700.00"
805,2024091504016520,NGPL,52,21,"1,000",467.00,"467,000.00"
806,2024091504016519,NGPL,52,57,198,467.00,"92,466.00"
807,2024091504016518,NGPL,52,6,500,467.00,"233,500.00"
808,2024091504016517,NGPL,52,40,50,467.00,"23,350.00"
809,2024091504016553,NGPL,20,58,100,467.10,"46,710.00"
810,2024091504016552,NGPL,20,44,50,467.00,"23,350.00"
811,2024091504016551,NGPL,20,16,90,467.00,"42,030.00"
812,2024091504016550,NGPL,20,38,583,467.00,"272,261.00"
813,2024091504016524,NGPL,52,38,917,467.00,"428,239.00"
814,2024091504016523,NGPL,52,28,200,467.00,"93,400.00"
815,2024091504016657,NGPL,54,13,111,466.00,"51,726.00"
816,2024091504016650,NGPL,54,80,100,466.00,"46,600.00"
817,2024091504016643,NGPL,54,45,79,466.00,"36,814.00"
818,2024091504016609,NGPL,54,45,10,466.00,"4,660.00"
819,2024091504016555,NGPL,20,26,157,467.10,"73,334.70"
820,2024091504016554,NGPL,20,35,20,467.10,"9,342.00"
821,2024091504016984,NGPL,58,25,50,465.80,"23,290.00"
822,2024091504016983,NGPL,58,56,500,465.00,"232,500.00"
823,2024091504016982,NGPL,58,43,200,465.00,"93,000.00"
824,2024091504016919,NGPL,38,45,100,464.00,"46,400.00"
825,2024091504016797,NGPL,98,49,100,465.00,"46,500.00"
826,2024091504016796,NGPL,98,47,100,465.00,"46,500.00"
827,2024091504016990,NGPL,58,3,100,468.00,"46,800.00"
828,2024091504016989,NGPL,58,48,300,468.00,"140,400.00"
829,2024091504016988,NGPL,58,3,50,467.90,"23,395.00"
830,2024091504016987,NGPL,58,4,200,466.00,"93,200.00"
831,2024091504016986,NGPL,58,13,389,466.00,"181,274.00"
832,2024091504016985,NGPL,58,45,500,465.90,"232,950.00"
833,2024091504016996,NGPL,58,11,400,469.00,"187,600.00"
834,2024091504016995,NGPL,58,90,100,468.90,"46,890.00"
835,2024091504016994,NGPL,58,51,"1,000",468.80,"468,800.00"
836,2024091504016993,NGPL,58,90,100,468.70,"46,870.00"
837,2024091504016992,NGPL,58,29,38,468.00,"17,784.00"
838,2024091504016991,NGPL,58,32,50,468.00,"23,400.00"
839,2024091504017002,NGPL,58,25,250,470.00,"117,500.00"
840,2024091504017001,NGPL,58,36,52,470.00,"24,440.00"
841,2024091504017000,NGPL,58,17,100,470.00,"47,000.00"
842,2024091504016999,NGPL,58,90,100,470.00,"47,000.00"
843,2024091504016998,NGPL,58,35,25,469.20,"11,730.00"
844,2024091504016997,NGPL,58,76,300,469.00,"140,700.00"
845,2024091504017008,NGPL,58,5,500,471.00,"235,500.00"
846,2024091504017007,NGPL,58,16,500,471.00,"235,500.00"
847,2024091504017006,NGPL,58,90,100,471.00,"47,100.00"
848,2024091504017005,NGPL,58,77,"3,575",471.00,"1,683,825.00"
849,2024091504017004,NGPL,58,52,400,470.00,"188,000.00"
850,2024091504017003,NGPL,58,56,500,470.00,"235,000.00"
851,2024091504017014,NGPL,58,92,600,473.20,"283,920.00"
852,2024091504017013,NGPL,58,3,400,473.00,"189,200.00"
853,2024091504017012,NGPL,58,22,15,473.00,"7,095.00"
854,2024091504017011,NGPL,58,34,100,472.20,"47,220.00"
855,2024091504017010,NGPL,58,17,100,471.20,"47,120.00"
856,2024091504017009,NGPL,58,52,100,471.00,"47,100.00"
857,2024091504017020,NGPL,58,90,100,475.00,"47,500.00"
858,2024091504017019,NGPL,58,47,"2,000",475.00,"950,000.00"
859,2024091504017018,NGPL,58,25,"1,000",474.30,"474,300.00"
860,2024091504017017,NGPL,58,25,100,474.00,"47,400.00"
861,2024091504017016,NGPL,58,21,"1,000",474.00,"474,000.00"
862,2024091504017015,NGPL,58,28,200,474.00,"94,800.00"
863,2024091504017026,NGPL,58,39,200,475.00,"95,000.00"
864,2024091504017025,NGPL,58,40,78,475.00,"37,050.00"
865,2024091504017024,NGPL,58,28,200,475.00,"95,000.00"
866,2024091504017023,NGPL,58,34,50,475.00,"23,750.00"
867,2024091504017022,NGPL,58,42,500,475.00,"237,500.00"
868,2024091504017021,NGPL,58,77,72,475.00,"34,200.00"
869,2024091504017032,NGPL,58,51,50,475.00,"23,750.00"
870,2024091504017031,NGPL,58,16,500,475.00,"237,500.00"
871,2024091504017030,NGPL,58,53,100,475.00,"47,500.00"
872,2024091504017029,NGPL,58,38,50,475.00,"23,750.00"
873,2024091504017028,NGPL,58,43,100,475.00,"47,500.00"
874,2024091504017027,NGPL,58,90,100,475.00,"47,500.00"
875,2024091504017038,NGPL,58,8,299,475.30,"142,114.70"
876,2024091504017037,NGPL,58,54,20,475.00,"9,500.00"
877,2024091504017036,NGPL,58,6,25,475.00,"11,875.00"
878,2024091504017035,NGPL,58,13,257,475.00,"122,075.00"
879,2024091504017034,NGPL,58,59,670,475.00,"318,250.00"
880,2024091504017033,NGPL,58,39,240,475.00,"114,000.00"
881,2024091504017044,NGPL,58,39,200,476.30,"95,260.00"
882,2024091504017043,NGPL,58,26,843,476.10,"401,352.30"
883,2024091504017042,NGPL,58,57,100,476.00,"47,600.00"
884,2024091504017041,NGPL,58,42,"5,000",476.00,"2,380,000.00"
885,2024091504017040,NGPL,58,28,200,476.00,"95,200.00"
886,2024091504017039,NGPL,58,26,500,475.30,"237,650.00"
887,2024091504017050,NGPL,58,49,38,478.00,"18,164.00"
888,2024091504017049,NGPL,58,45,700,478.00,"334,600.00"
889,2024091504017048,NGPL,58,36,"1,000",477.00,"477,000.00"
890,2024091504017047,NGPL,58,8,100,476.40,"47,640.00"
891,2024091504017046,NGPL,58,35,20,476.40,"9,528.00"
892,2024091504017045,NGPL,58,34,250,476.40,"119,100.00"
893,2024091504017056,NGPL,58,64,"1,000",480.00,"480,000.00"
894,2024091504017055,NGPL,58,64,290,479.90,"139,171.00"
895,2024091504017054,NGPL,58,64,600,479.90,"287,940.00"
896,2024091504017053,NGPL,58,58,50,479.50,"23,975.00"
897,2024091504017052,NGPL,58,26,200,478.30,"95,660.00"
898,2024091504017051,NGPL,58,42,500,478.30,"239,150.00"
899,2024091504017062,NGPL,58,39,100,480.00,"48,000.00"
900,2024091504017061,NGPL,58,25,500,480.00,"240,000.00"
901,2024091504017060,NGPL,58,47,"2,000",480.00,"960,000.00"
902,2024091504017059,NGPL,58,89,"2,000",480.00,"960,000.00"
903,2024091504017058,NGPL,58,10,200,480.00,"96,000.00"
904,2024091504017057,NGPL,58,58,"2,000",480.00,"960,000.00"
905,2024091504017104,NGPL,64,58,10,465.10,"4,651.00"
906,2024091504017101,NGPL,44,35,200,470.00,"94,000.00"
907,2024091504017097,NGPL,62,61,75,471.00,"35,325.00"
908,2024091504017078,NGPL,43,58,10,462.00,"4,620.00"
909,2024091504017064,NGPL,58,91,200,480.40,"96,080.00"
910,2024091504017063,NGPL,58,25,10,480.00,"4,800.00"
911,2024091504017170,NGPL,10,62,500,468.00,"234,000.00"
912,2024091504017166,NGPL,52,74,95,470.00,"44,650.00"
913,2024091504017160,NGPL,62,74,105,470.00,"49,350.00"
914,2024091504017159,NGPL,62,45,20,470.00,"9,400.00"
915,2024091504017154,NGPL,6,35,300,470.00,"141,000.00"
916,2024091504017105,NGPL,64,58,10,465.10,"4,651.00"
917,2024091504017190,NGPL,25,40,20,470.00,"9,400.00"
918,2024091504017185,NGPL,25,62,200,470.00,"94,000.00"
919,2024091504017174,NGPL,52,62,50,467.00,"23,350.00"
920,2024091504017173,NGPL,92,62,200,467.00,"93,400.00"
921,2024091504017172,NGPL,53,62,50,467.10,"23,355.00"
922,2024091504017171,NGPL,47,62,200,467.10,"93,420.00"
923,2024091504017373,NGPL,92,14,38,472.00,"17,936.00"
924,2024091504017333,NGPL,40,29,105,471.20,"49,476.00"
925,2024091504017261,NGPL,62,61,100,474.00,"47,400.00"
926,2024091504017221,NGPL,6,13,12,471.20,"5,654.40"
927,2024091504017192,NGPL,92,40,400,468.00,"187,200.00"
928,2024091504017191,NGPL,64,40,580,468.00,"271,440.00"
929,2024091504017505,NGPL,92,54,62,472.00,"29,264.00"
930,2024091504017478,NGPL,92,62,500,472.00,"236,000.00"
931,2024091504017409,NGPL,49,50,190,473.90,"90,041.00"
932,2024091504017408,NGPL,49,25,10,473.80,"4,738.00"
933,2024091504017401,NGPL,19,54,100,472.90,"47,290.00"
934,2024091504017395,NGPL,5,4,100,473.00,"47,300.00"
935,2024091504017560,NGPL,4,32,300,471.00,"141,300.00"
936,2024091504017541,NGPL,4,49,10,471.00,"4,710.00"
937,2024091504017537,NGPL,4,39,180,471.00,"84,780.00"
938,2024091504017536,NGPL,40,39,20,471.20,"9,424.00"
939,2024091504017511,NGPL,26,45,12,472.00,"5,664.00"
940,2024091504017510,NGPL,26,54,38,472.00,"17,936.00"
941,2024091504017628,NGPL,52,32,500,468.00,"234,000.00"
942,2024091504017605,NGPL,48,50,420,469.00,"196,980.00"
943,2024091504017595,NGPL,48,32,80,469.00,"37,520.00"
944,2024091504017575,NGPL,48,34,"1,500",469.00,"703,500.00"
945,2024091504017574,NGPL,26,34,500,470.00,"235,000.00"
946,2024091504017563,NGPL,4,34,10,471.00,"4,710.00"
947,2024091504017758,NGPL,92,52,200,467.00,"93,400.00"
948,2024091504017668,NGPL,5,32,200,466.00,"93,200.00"
949,2024091504017648,NGPL,50,34,600,468.00,"280,800.00"
950,2024091504017637,NGPL,50,41,100,468.00,"46,800.00"
951,2024091504017633,NGPL,50,54,200,468.00,"93,600.00"
952,2024091504017631,NGPL,50,43,100,468.00,"46,800.00"
953,2024091504017854,NGPL,43,60,300,465.00,"139,500.00"
954,2024091504017853,NGPL,17,60,100,465.00,"46,500.00"
955,2024091504017852,NGPL,5,60,100,466.00,"46,600.00"
956,2024091504017802,NGPL,92,51,290,467.00,"135,430.00"
957,2024091504017780,NGPL,92,25,10,467.00,"4,670.00"
958,2024091504017761,NGPL,92,7,500,467.00,"233,500.00"
959,2024091504018016,NGPL,58,26,15,466.90,"7,003.50"
960,2024091504017917,NGPL,5,14,10,463.50,"4,635.00"
961,2024091504017916,NGPL,92,14,990,465.00,"460,350.00"
962,2024091504017910,NGPL,92,51,10,463.00,"4,630.00"
963,2024091504017909,NGPL,62,51,100,463.00,"46,300.00"
964,2024091504017908,NGPL,35,51,100,463.00,"46,300.00"
965,2024091504018443,NGPL,92,60,260,466.00,"121,160.00"
966,2024091504018393,NGPL,92,32,340,466.00,"158,440.00"
967,2024091504018382,NGPL,92,74,300,466.00,"139,800.00"
968,2024091504018376,NGPL,92,38,100,466.00,"46,600.00"
969,2024091504018054,NGPL,38,14,300,465.00,"139,500.00"
970,2024091504018017,NGPL,58,60,30,467.00,"14,010.00"
971,2024091504018615,NGPL,42,61,300,466.00,"139,800.00"
972,2024091504018596,NGPL,42,60,"1,240",466.00,"577,840.00"
973,2024091504018595,NGPL,51,60,760,466.00,"354,160.00"
974,2024091504018594,NGPL,51,60,240,466.00,"111,840.00"
975,2024091504018570,NGPL,6,40,20,465.00,"9,300.00"
976,2024091504018562,NGPL,6,3,20,465.00,"9,300.00"
977,2024091504018736,NGPL,92,45,30,465.00,"13,950.00"
978,2024091504018710,NGPL,92,61,100,465.00,"46,500.00"
979,2024091504018697,NGPL,92,58,520,465.00,"241,800.00"
980,2024091504018696,NGPL,6,58,10,465.00,"4,650.00"
981,2024091504018644,NGPL,42,58,460,466.00,"214,360.00"
982,2024091504018643,NGPL,38,58,10,466.40,"4,664.00"
983,2024091504018783,NGPL,43,58,300,462.00,"138,600.00"
984,2024091504018758,NGPL,42,34,"2,000",463.00,"926,000.00"
985,2024091504018757,NGPL,7,34,"2,000",463.00,"926,000.00"
986,2024091504018756,NGPL,48,34,"2,000",463.00,"926,000.00"
987,2024091504018755,NGPL,5,34,90,463.50,"41,715.00"
988,2024091504018753,NGPL,38,58,700,463.60,"324,520.00"
989,2024091504019048,NGPL,5,10,70,462.00,"32,340.00"
990,2024091504019014,NGPL,5,8,100,462.00,"46,200.00"
991,2024091504018964,NGPL,5,45,70,462.00,"32,340.00"
992,2024091504018821,NGPL,5,39,10,462.00,"4,620.00"
993,2024091504018820,NGPL,43,39,90,462.00,"41,580.00"
994,2024091504018791,NGPL,43,38,100,462.00,"46,200.00"
995,2024091504019159,NGPL,42,22,200,460.10,"92,020.00"
996,2024091504019115,NGPL,42,60,495,460.10,"227,749.50"
997,2024091504019114,NGPL,67,60,195,460.10,"89,719.50"
998,2024091504019113,NGPL,57,60,50,461.00,"23,050.00"
999,2024091504019112,NGPL,16,60,260,461.20,"119,912.00"
1000,2024091504019049,NGPL,6,10,50,462.00,"23,100.00"
1001,2024091504012668,NGPL,54,58,150,452.00,"67,800.00"
1002,2024091504012667,NGPL,54,58,700,452.00,"316,400.00"
1003,2024091504012666,NGPL,34,58,100,452.00,"45,200.00"
1004,2024091504012611,NGPL,33,58,"1,200",452.00,"542,400.00"
1005,2024091504012610,NGPL,33,58,100,452.00,"45,200.00"
1006,2024091504012609,NGPL,33,16,100,451.90,"45,190.00"
1007,2024091504000609,NGPL,44,44,50,445.00,"22,250.00"
1008,2024091504000522,NGPL,57,44,450,445.00,"200,250.00"
1009,2024091504000521,NGPL,57,20,200,445.00,"89,000.00"
1010,2024091504000511,NGPL,51,20,300,445.00,"133,500.00"
1011,2024091504000482,NGPL,40,44,90,445.00,"40,050.00"
1012,2024091504000428,NGPL,40,71,10,445.00,"4,450.00"
1013,2024091504000891,NGPL,41,58,100,446.80,"44,680.00"
1014,2024091504000887,NGPL,17,57,100,446.00,"44,600.00"
1015,2024091504000772,NGPL,55,28,200,446.00,"89,200.00"
1016,2024091504000726,NGPL,55,28,200,446.00,"89,200.00"
1017,2024091504000725,NGPL,55,45,100,446.00,"44,600.00"
1018,2024091504000689,NGPL,52,45,200,446.00,"89,200.00"
1019,2024091504001145,NGPL,51,8,320,446.00,"142,720.00"
1020,2024091504001066,NGPL,45,8,30,446.00,"13,380.00"
1021,2024091504000997,NGPL,6,8,500,446.00,"223,000.00"
1022,2024091504000938,NGPL,17,8,150,446.00,"66,900.00"
1023,2024091504000915,NGPL,51,45,300,447.00,"134,100.00"
1024,2024091504000914,NGPL,51,58,400,446.80,"178,720.00"
1025,2024091504001363,NGPL,55,25,100,445.00,"44,500.00"
1026,2024091504001351,NGPL,29,25,50,445.00,"22,250.00"
1027,2024091504001293,NGPL,51,51,25,445.00,"11,125.00"
1028,2024091504001217,NGPL,58,51,45,445.00,"20,025.00"
1029,2024091504001216,NGPL,21,51,200,445.00,"89,000.00"
1030,2024091504001183,NGPL,38,48,100,445.10,"44,510.00"
1031,2024091504001579,NGPL,65,47,100,444.10,"44,410.00"
1032,2024091504001547,NGPL,65,56,500,444.10,"222,050.00"
1033,2024091504001427,NGPL,37,29,90,444.10,"39,969.00"
1034,2024091504001385,NGPL,51,29,300,445.00,"133,500.00"
1035,2024091504001384,NGPL,51,25,50,445.00,"22,250.00"
1036,2024091504001367,NGPL,49,57,"1,000",444.00,"444,000.00"
1037,2024091504001901,NGPL,50,29,200,442.10,"88,420.00"
1038,2024091504001754,NGPL,49,46,190,443.00,"84,170.00"
1039,2024091504001639,NGPL,50,48,500,442.10,"221,050.00"
1040,2024091504001617,NGPL,53,44,200,443.00,"88,600.00"
1041,2024091504001589,NGPL,59,58,45,444.00,"19,980.00"
1042,2024091504001588,NGPL,65,58,400,444.10,"177,640.00"
1043,2024091504002176,NGPL,52,58,240,444.00,"106,560.00"
1044,2024091504002076,NGPL,32,58,25,444.00,"11,100.00"
1045,2024091504001995,NGPL,50,51,100,442.10,"44,210.00"
1046,2024091504001951,NGPL,50,45,26,442.10,"11,494.60"
1047,2024091504001949,NGPL,50,46,60,442.10,"26,526.00"
1048,2024091504001930,NGPL,50,64,105,442.10,"46,420.50"
1049,2024091504002910,NGPL,67,45,150,444.00,"66,600.00"
1050,2024091504002839,NGPL,41,45,900,444.00,"399,600.00"
1051,2024091504002838,NGPL,37,45,10,444.10,"4,441.00"
1052,2024091504002605,NGPL,41,42,100,444.00,"44,400.00"
1053,2024091504002491,NGPL,36,58,90,444.00,"39,960.00"
1054,2024091504002305,NGPL,37,58,200,444.00,"88,800.00"
1055,2024091504003119,NGPL,42,45,320,444.00,"142,080.00"
1056,2024091504003110,NGPL,58,100,28,443.90,"12,429.20"
1057,2024091504003109,NGPL,8,100,10,443.90,"4,439.00"
1058,2024091504003100,NGPL,34,45,20,444.00,"8,880.00"
1059,2024091504003077,NGPL,44,45,10,443.90,"4,439.00"
1060,2024091504002988,NGPL,49,45,100,444.00,"44,400.00"
1061,2024091504003697,NGPL,8,34,20,445.30,"8,906.00"
1062,2024091504003449,NGPL,59,25,100,447.00,"44,700.00"
1063,2024091504003276,NGPL,56,38,160,447.00,"71,520.00"
1064,2024091504003275,NGPL,56,17,100,447.00,"44,700.00"
1065,2024091504003274,NGPL,56,45,240,447.00,"107,280.00"
1066,2024091504003150,NGPL,58,29,31,445.00,"13,795.00"
1067,2024091504003703,NGPL,6,34,"2,000",444.50,"889,000.00"
1068,2024091504003702,NGPL,16,34,500,444.60,"222,300.00"
1069,2024091504003701,NGPL,4,34,100,445.00,"44,500.00"
1070,2024091504003700,NGPL,89,34,"2,200",445.00,"979,000.00"
1071,2024091504003699,NGPL,21,34,50,445.00,"22,250.00"
1072,2024091504003698,NGPL,38,34,107,445.20,"47,636.40"
1073,2024091504003870,NGPL,42,34,80,444.00,"35,520.00"
1074,2024091504003869,NGPL,16,34,500,444.10,"222,050.00"
1075,2024091504003868,NGPL,49,34,"1,000",444.20,"444,200.00"
1076,2024091504003867,NGPL,58,34,477,444.20,"211,883.40"
1077,2024091504003705,NGPL,58,34,"1,523",444.20,"676,516.60"
1078,2024091504003704,NGPL,86,34,500,444.30,"222,150.00"
1079,2024091504003975,NGPL,16,46,100,447.60,"44,760.00"
1080,2024091504003885,NGPL,28,57,100,447.50,"44,750.00"
1081,2024091504003874,NGPL,41,34,871,443.20,"386,027.20"
1082,2024091504003873,NGPL,58,34,372,443.90,"165,130.80"
1083,2024091504003872,NGPL,70,34,500,444.00,"222,000.00"
1084,2024091504003871,NGPL,34,34,200,444.00,"88,800.00"
1085,2024091504004094,NGPL,18,7,100,448.80,"44,880.00"
1086,2024091504004070,NGPL,16,7,50,448.80,"22,440.00"
1087,2024091504003979,NGPL,16,28,400,448.00,"179,200.00"
1088,2024091504003978,NGPL,16,28,400,447.70,"179,080.00"
1089,2024091504003977,NGPL,16,19,50,447.70,"22,385.00"
1090,2024091504003976,NGPL,16,51,100,447.70,"44,770.00"
1091,2024091504004539,NGPL,58,34,"1,000",446.00,"446,000.00"
1092,2024091504004308,NGPL,56,7,400,448.00,"179,200.00"
1093,2024091504004307,NGPL,56,45,100,447.90,"44,790.00"
1094,2024091504004306,NGPL,56,58,500,447.80,"223,900.00"
1095,2024091504004112,NGPL,47,7,73,448.80,"32,762.40"
1096,2024091504004096,NGPL,47,7,150,448.80,"67,320.00"
1097,2024091504004581,NGPL,22,34,300,445.00,"133,500.00"
1098,2024091504004580,NGPL,4,34,100,445.00,"44,500.00"
1099,2024091504004579,NGPL,52,34,500,445.10,"222,550.00"
1100,2024091504004578,NGPL,25,34,50,445.10,"22,255.00"
1101,2024091504004577,NGPL,4,34,100,445.20,"44,520.00"
1102,2024091504004548,NGPL,28,83,200,447.40,"89,480.00"
1103,2024091504005024,NGPL,35,83,57,445.00,"25,365.00"
1104,2024091504004939,NGPL,58,44,210,444.50,"93,345.00"
1105,2024091504004660,NGPL,58,34,"2,821",444.10,"1,252,806.10"
1106,2024091504004659,NGPL,41,34,129,444.60,"57,353.40"
1107,2024091504004658,NGPL,49,34,50,445.00,"22,250.00"
1108,2024091504004582,NGPL,49,34,950,445.00,"422,750.00"
1109,2024091504005062,NGPL,89,83,"1,024",442.50,"453,120.00"
1110,2024091504005061,NGPL,57,83,50,442.50,"22,125.00"
1111,2024091504005028,NGPL,18,83,100,444.00,"44,400.00"
1112,2024091504005027,NGPL,58,83,179,444.10,"79,493.90"
1113,2024091504005026,NGPL,58,83,290,444.50,"128,905.00"
1114,2024091504005025,NGPL,18,83,100,445.00,"44,500.00"
1115,2024091504005608,NGPL,21,13,100,442.00,"44,200.00"
1116,2024091504005607,NGPL,10,13,50,442.00,"22,100.00"
1117,2024091504005606,NGPL,61,13,650,443.00,"287,950.00"
1118,2024091504005561,NGPL,61,8,350,443.00,"155,050.00"
1119,2024091504005560,NGPL,77,8,150,443.10,"66,465.00"
1120,2024091504005378,NGPL,58,34,"3,000",442.30,"1,326,900.00"
1121,2024091504005929,NGPL,1,38,40,447.00,"17,880.00"
1122,2024091504005837,NGPL,26,42,21,444.00,"9,324.00"
1123,2024091504005775,NGPL,58,7,27,443.20,"11,966.40"
1124,2024091504005718,NGPL,58,49,90,442.50,"39,825.00"
1125,2024091504005610,NGPL,89,13,700,442.00,"309,400.00"
1126,2024091504005609,NGPL,13,13,500,442.00,"221,000.00"
1127,2024091504006088,NGPL,56,26,55,446.00,"24,530.00"
1128,2024091504005991,NGPL,1,26,285,447.00,"127,395.00"
1129,2024091504005946,NGPL,1,26,100,447.00,"44,700.00"
1130,2024091504005932,NGPL,1,26,100,447.00,"44,700.00"
1131,2024091504005931,NGPL,1,58,200,447.00,"89,400.00"
1132,2024091504005930,NGPL,1,16,25,447.00,"11,175.00"
1133,2024091504006431,NGPL,4,46,377,445.40,"167,915.80"
1134,2024091504006093,NGPL,56,67,430,448.00,"192,640.00"
1135,2024091504006092,NGPL,56,41,50,447.90,"22,395.00"
1136,2024091504006091,NGPL,56,10,30,447.50,"13,425.00"
1137,2024091504006090,NGPL,56,38,200,447.30,"89,460.00"
1138,2024091504006089,NGPL,56,42,35,447.00,"15,645.00"
1139,2024091504006900,NGPL,58,34,"1,000",448.50,"448,500.00"
1140,2024091504006823,NGPL,71,29,509,448.00,"228,032.00"
1141,2024091504006822,NGPL,71,67,570,448.00,"255,360.00"
1142,2024091504006753,NGPL,4,1,390,447.50,"174,525.00"
1143,2024091504006619,NGPL,46,77,100,447.40,"44,740.00"
1144,2024091504006587,NGPL,4,49,40,445.40,"17,816.00"
1145,2024091504006981,NGPL,58,45,979,449.00,"439,571.00"
1146,2024091504006910,NGPL,13,45,21,449.00,"9,429.00"
1147,2024091504006909,NGPL,13,77,200,449.00,"89,800.00"
1148,2024091504006908,NGPL,13,64,200,448.90,"89,780.00"
1149,2024091504006907,NGPL,13,34,579,448.00,"259,392.00"
1150,2024091504006901,NGPL,71,34,421,448.00,"188,608.00"
1151,2024091504007049,NGPL,71,45,250,450.00,"112,500.00"
1152,2024091504007019,NGPL,34,28,400,450.00,"180,000.00"
1153,2024091504007018,NGPL,34,47,500,450.00,"225,000.00"
1154,2024091504007017,NGPL,34,36,500,449.80,"224,900.00"
1155,2024091504007016,NGPL,34,90,100,449.70,"44,970.00"
1156,2024091504007015,NGPL,34,26,500,449.70,"224,850.00"
1157,2024091504007095,NGPL,13,48,100,450.00,"45,000.00"
1158,2024091504007094,NGPL,13,44,147,450.00,"66,150.00"
1159,2024091504007053,NGPL,71,44,353,450.00,"158,850.00"
1160,2024091504007052,NGPL,71,32,100,450.00,"45,000.00"
1161,2024091504007051,NGPL,71,45,15,450.00,"6,750.00"
1162,2024091504007050,NGPL,71,4,82,450.00,"36,900.00"
1163,2024091504007300,NGPL,58,34,500,451.00,"225,500.00"
1164,2024091504007210,NGPL,46,17,300,451.00,"135,300.00"
1165,2024091504007209,NGPL,46,25,100,451.00,"45,100.00"
1166,2024091504007208,NGPL,46,29,867,451.00,"391,017.00"
1167,2024091504007097,NGPL,13,29,133,451.00,"59,983.00"
1168,2024091504007096,NGPL,13,25,120,451.00,"54,120.00"
1169,2024091504007430,NGPL,37,90,100,451.00,"45,100.00"
1170,2024091504007429,NGPL,37,58,100,451.00,"45,100.00"
1171,2024091504007428,NGPL,37,34,450,451.00,"202,950.00"
1172,2024091504007427,NGPL,37,47,100,450.90,"45,090.00"
1173,2024091504007383,NGPL,35,49,100,450.00,"45,000.00"
1174,2024091504007301,NGPL,32,34,50,451.00,"22,550.00"
1175,2024091504007508,NGPL,58,46,100,452.00,"45,200.00"
1176,2024091504007507,NGPL,58,57,50,452.00,"22,600.00"
1177,2024091504007506,NGPL,58,90,100,452.00,"45,200.00"
1178,2024091504007505,NGPL,58,66,50,452.00,"22,600.00"
1179,2024091504007504,NGPL,58,34,750,451.00,"338,250.00"
1180,2024091504007493,NGPL,37,34,250,451.00,"112,750.00"
1181,2024091504007584,NGPL,37,25,200,452.00,"90,400.00"
1182,2024091504007578,NGPL,37,45,200,452.00,"90,400.00"
1183,2024091504007568,NGPL,37,45,200,452.00,"90,400.00"
1184,2024091504007519,NGPL,37,44,750,452.00,"339,000.00"
1185,2024091504007518,NGPL,37,22,50,451.00,"22,550.00"
1186,2024091504007509,NGPL,58,44,"2,250",452.00,"1,017,000.00"
1187,2024091504007639,NGPL,50,17,200,452.90,"90,580.00"
1188,2024091504007638,NGPL,50,51,100,452.90,"45,290.00"
1189,2024091504007637,NGPL,50,90,100,452.90,"45,290.00"
1190,2024091504007636,NGPL,50,38,20,452.90,"9,058.00"
1191,2024091504007611,NGPL,50,28,100,452.50,"45,250.00"
1192,2024091504007605,NGPL,45,28,300,452.50,"135,750.00"
1193,2024091504007723,NGPL,49,90,200,453.90,"90,780.00"
1194,2024091504007703,NGPL,25,49,100,453.00,"45,300.00"
1195,2024091504007645,NGPL,50,34,"1,500",452.50,"678,750.00"
1196,2024091504007644,NGPL,50,34,500,453.00,"226,500.00"
1197,2024091504007641,NGPL,50,59,30,453.00,"13,590.00"
1198,2024091504007640,NGPL,50,58,50,453.00,"22,650.00"
1199,2024091504007795,NGPL,58,64,60,454.90,"27,294.00"
1200,2024091504007794,NGPL,58,33,380,454.90,"172,862.00"
1201,2024091504007793,NGPL,58,49,400,454.00,"181,600.00"
1202,2024091504007792,NGPL,58,6,232,454.00,"105,328.00"
1203,2024091504007791,NGPL,58,22,100,454.00,"45,400.00"
1204,2024091504007790,NGPL,58,57,50,454.00,"22,700.00"
1205,2024091504007916,NGPL,25,16,200,453.00,"90,600.00"
1206,2024091504007883,NGPL,6,45,100,454.00,"45,400.00"
1207,2024091504007867,NGPL,58,36,14,455.00,"6,370.00"
1208,2024091504007798,NGPL,58,36,928,455.00,"422,240.00"
1209,2024091504007797,NGPL,58,49,50,455.00,"22,750.00"
1210,2024091504007796,NGPL,58,42,500,455.00,"227,500.00"
1211,2024091504008046,NGPL,37,25,200,455.00,"91,000.00"
1212,2024091504008045,NGPL,37,25,158,455.00,"71,890.00"
1213,2024091504007946,NGPL,37,25,42,455.00,"19,110.00"
1214,2024091504007945,NGPL,37,72,600,455.00,"273,000.00"
1215,2024091504007944,NGPL,37,36,58,455.00,"26,390.00"
1216,2024091504007943,NGPL,37,16,300,453.00,"135,900.00"
1217,2024091504008178,NGPL,26,55,100,455.00,"45,500.00"
1218,2024091504008177,NGPL,26,18,108,455.00,"49,140.00"
1219,2024091504008164,NGPL,35,18,50,455.00,"22,750.00"
1220,2024091504008142,NGPL,37,18,42,455.00,"19,110.00"
1221,2024091504008129,NGPL,37,49,100,455.00,"45,500.00"
1222,2024091504008047,NGPL,37,45,500,455.00,"227,500.00"
1223,2024091504008242,NGPL,26,13,100,455.00,"45,500.00"
1224,2024091504008239,NGPL,26,46,100,455.00,"45,500.00"
1225,2024091504008238,NGPL,26,3,158,455.00,"71,890.00"
1226,2024091504008227,NGPL,37,34,"1,000",454.00,"454,000.00"
1227,2024091504008216,NGPL,55,3,50,455.00,"22,750.00"
1228,2024091504008179,NGPL,26,3,292,455.00,"132,860.00"
1229,2024091504008302,NGPL,26,58,500,455.00,"227,500.00"
1230,2024091504008290,NGPL,7,17,60,456.00,"27,360.00"
1231,2024091504008289,NGPL,7,26,200,455.90,"91,180.00"
1232,2024091504008288,NGPL,7,26,100,455.90,"45,590.00"
1233,2024091504008287,NGPL,7,96,140,455.50,"63,770.00"
1234,2024091504008262,NGPL,26,43,300,455.00,"136,500.00"
1235,2024091504008419,NGPL,54,13,205,456.00,"93,480.00"
1236,2024091504008383,NGPL,54,69,300,456.00,"136,800.00"
1237,2024091504008382,NGPL,54,90,100,456.00,"45,600.00"
1238,2024091504008381,NGPL,54,77,100,456.00,"45,600.00"
1239,2024091504008380,NGPL,54,17,40,456.00,"18,240.00"
1240,2024091504008309,NGPL,26,4,530,455.00,"241,150.00"
1241,2024091504008529,NGPL,50,34,400,452.50,"181,000.00"
1242,2024091504008528,NGPL,25,34,200,453.00,"90,600.00"
1243,2024091504008506,NGPL,37,33,"1,000",455.00,"455,000.00"
1244,2024091504008422,NGPL,26,13,"3,312",455.00,"1,506,960.00"
1245,2024091504008421,NGPL,89,13,"2,000",455.10,"910,200.00"
1246,2024091504008420,NGPL,77,13,200,456.00,"91,200.00"
1247,2024091504008587,NGPL,51,62,600,454.00,"272,400.00"
1248,2024091504008586,NGPL,51,62,900,454.00,"408,600.00"
1249,2024091504008570,NGPL,51,55,100,454.00,"45,400.00"
1250,2024091504008532,NGPL,52,34,300,450.00,"135,000.00"
1251,2024091504008531,NGPL,74,34,500,450.10,"225,050.00"
1252,2024091504008530,NGPL,37,34,600,452.00,"271,200.00"
1253,2024091504008851,NGPL,3,58,76,450.10,"34,207.60"
1254,2024091504008824,NGPL,3,62,924,450.10,"415,892.40"
1255,2024091504008823,NGPL,58,62,80,451.00,"36,080.00"
1256,2024091504008598,NGPL,51,34,"1,000",454.00,"454,000.00"
1257,2024091504008597,NGPL,51,34,"1,000",454.00,"454,000.00"
1258,2024091504008596,NGPL,51,34,400,454.00,"181,600.00"
1259,2024091504008862,NGPL,58,34,"2,500",450.00,"1,125,000.00"
1260,2024091504008861,NGPL,17,34,100,450.00,"45,000.00"
1261,2024091504008860,NGPL,52,34,700,450.00,"315,000.00"
1262,2024091504008859,NGPL,44,34,"1,076",450.10,"484,307.60"
1263,2024091504008853,NGPL,44,58,924,450.10,"415,892.40"
1264,2024091504008852,NGPL,32,58,500,450.10,"225,050.00"
1265,2024091504009179,NGPL,60,58,14,450.00,"6,300.00"
1266,2024091504009008,NGPL,60,34,486,450.00,"218,700.00"
1267,2024091504009007,NGPL,51,34,500,450.00,"225,000.00"
1268,2024091504008959,NGPL,51,58,401,450.00,"180,450.00"
1269,2024091504008901,NGPL,51,34,599,450.00,"269,550.00"
1270,2024091504008863,NGPL,90,34,25,450.00,"11,250.00"
1271,2024091504009287,NGPL,52,59,150,449.10,"67,365.00"
1272,2024091504009241,NGPL,52,34,651,449.10,"292,364.10"
1273,2024091504009183,NGPL,34,58,100,450.00,"45,000.00"
1274,2024091504009182,NGPL,21,58,100,450.00,"45,000.00"
1275,2024091504009181,NGPL,56,58,100,450.00,"45,000.00"
1276,2024091504009180,NGPL,42,58,10,450.00,"4,500.00"
1277,2024091504009697,NGPL,45,58,50,450.00,"22,500.00"
1278,2024091504009642,NGPL,58,64,473,451.00,"213,323.00"
1279,2024091504009625,NGPL,45,39,38,450.00,"17,100.00"
1280,2024091504009477,NGPL,81,39,200,450.00,"90,000.00"
1281,2024091504009415,NGPL,34,17,100,450.00,"45,000.00"
1282,2024091504009310,NGPL,52,59,25,449.10,"11,227.50"
1283,2024091504010115,NGPL,89,28,306,449.00,"137,394.00"
1284,2024091504010114,NGPL,5,28,80,449.10,"35,928.00"
1285,2024091504010113,NGPL,52,28,274,449.10,"123,053.40"
1286,2024091504010112,NGPL,45,28,40,449.20,"17,968.00"
1287,2024091504009950,NGPL,34,38,143,450.00,"64,350.00"
1288,2024091504009949,NGPL,45,38,12,450.00,"5,400.00"
1289,2024091504010708,NGPL,6,58,151,450.90,"68,085.90"
1290,2024091504010559,NGPL,50,34,42,449.00,"18,858.00"
1291,2024091504010558,NGPL,11,34,111,449.00,"49,839.00"
1292,2024091504010557,NGPL,89,34,170,449.00,"76,330.00"
1293,2024091504010544,NGPL,48,58,349,450.90,"157,364.10"
1294,2024091504010543,NGPL,48,58,151,450.50,"68,025.50"
1295,2024091504010776,NGPL,18,40,500,452.90,"226,450.00"
1296,2024091504010775,NGPL,18,61,100,452.00,"45,200.00"
1297,2024091504010774,NGPL,18,58,"1,000",451.00,"451,000.00"
1298,2024091504010773,NGPL,18,44,44,451.00,"19,844.00"
1299,2024091504010772,NGPL,18,64,478,451.00,"215,578.00"
1300,2024091504010709,NGPL,6,64,49,451.00,"22,099.00"
1301,2024091504010793,NGPL,57,33,277,453.70,"125,674.90"
1302,2024091504010781,NGPL,18,90,100,453.60,"45,360.00"
1303,2024091504010780,NGPL,18,42,10,453.60,"4,536.00"
1304,2024091504010779,NGPL,18,33,76,453.00,"34,428.00"
1305,2024091504010778,NGPL,18,39,100,453.00,"45,300.00"
1306,2024091504010777,NGPL,18,92,500,453.00,"226,500.00"
1307,2024091504011237,NGPL,49,48,60,453.40,"27,204.00"
1308,2024091504011041,NGPL,49,48,420,453.40,"190,428.00"
1309,2024091504011021,NGPL,49,71,80,453.40,"36,272.00"
1310,2024091504010897,NGPL,38,58,"2,000",453.00,"906,000.00"
1311,2024091504010798,NGPL,18,58,"1,692",453.60,"767,491.20"
1312,2024091504010794,NGPL,57,45,223,453.70,"101,175.10"
1313,2024091504011659,NGPL,41,58,500,450.90,"225,450.00"
1314,2024091504011599,NGPL,68,52,170,451.00,"76,670.00"
1315,2024091504011550,NGPL,68,8,330,451.00,"148,830.00"
1316,2024091504011549,NGPL,32,8,170,451.00,"76,670.00"
1317,2024091504011459,NGPL,32,67,230,451.00,"103,730.00"
1318,2024091504011458,NGPL,16,67,30,451.00,"13,530.00"
1319,2024091504011712,NGPL,4,34,550,450.10,"247,555.00"
1320,2024091504011664,NGPL,4,58,450,450.10,"202,545.00"
1321,2024091504011663,NGPL,45,58,100,450.20,"45,020.00"
1322,2024091504011662,NGPL,14,58,"2,000",450.20,"900,400.00"
1323,2024091504011661,NGPL,7,58,500,450.40,"225,200.00"
1324,2024091504011660,NGPL,17,58,150,450.50,"67,575.00"
1325,2024091504011744,NGPL,68,58,308,450.00,"138,600.00"
1326,2024091504011743,NGPL,68,45,20,450.00,"9,000.00"
1327,2024091504011742,NGPL,58,45,80,450.00,"36,000.00"
1328,2024091504011715,NGPL,58,34,920,450.00,"414,000.00"
1329,2024091504011714,NGPL,57,34,30,450.00,"13,500.00"
1330,2024091504011713,NGPL,49,34,500,450.00,"225,000.00"
1331,2024091504011820,NGPL,57,16,50,450.00,"22,500.00"
1332,2024091504011819,NGPL,29,16,500,450.00,"225,000.00"
1333,2024091504011818,NGPL,68,16,172,450.00,"77,400.00"
1334,2024091504011817,NGPL,58,16,673,450.10,"302,917.30"
1335,2024091504011788,NGPL,58,58,"2,277",450.10,"1,024,877.70"
1336,2024091504011780,NGPL,58,56,50,450.10,"22,505.00"
1337,2024091504012459,NGPL,48,1,200,450.00,"90,000.00"
1338,2024091504012398,NGPL,48,38,17,450.00,"7,650.00"
1339,2024091504012302,NGPL,48,52,83,450.00,"37,350.00"
1340,2024091504012153,NGPL,48,58,150,449.20,"67,380.00"
1341,2024091504012136,NGPL,74,58,500,449.20,"224,600.00"
1342,2024091504011904,NGPL,67,16,105,449.10,"47,155.50"
1343,2024091504012608,NGPL,33,16,100,451.80,"45,180.00"
1344,2024091504012549,NGPL,48,16,300,451.80,"135,540.00"
1345,2024091504012491,NGPL,26,58,748,450.00,"336,600.00"
1346,2024091504012470,NGPL,26,1,252,450.00,"113,400.00"
1347,2024091504012461,NGPL,32,1,20,450.00,"9,000.00"
1348,2024091504012460,NGPL,47,1,28,450.00,"12,600.00"
